2564 4740
281 442 557 529 zuaouornoaa
581 429 838 524 Gaoussarcn.
866 476 872 501 ³
1001 455 1049 548 33

106 636 220 719 n'as..
237 691 250 720 .
276 638 393 725 Veluti
404 641 438 714 iu
455 641 643 735 systemate
657 640 855 730 Decadico,
869 637 1051 734 Dyadico,

108 764 350 864 Dodscadicm
373 770 542 867 quaelibet
562 773 671 844 unitas
689 770 828 865 alicujus
852 770 978 844 ordinis
997 790 1051 848 esc

101 913 184 996 para
216 899 371 986 decima,
416 879 621 986 dimidium,
669 918 770 994 atque
803 910 895 991 pars
926 898 1051 973 duodus

107 1029 198 1104 rima
216 1073 224 1083 -
239 1028 375 1102 odraus
401 1029 547 1122 proximi
578 1028 712 1122 majoris
743 1024 880 1099 ordinis.
954 1027 1050 1104 Haec

109 1159 222 1233 relatio
241 1156 404 1230 udicaru
425 1158 624 1252 aequatione
648 1153 836 1245 T=mP,
871 1155 931 1229 ubi
955 1154 1054 1256 Corf-

107 1282 222 1384 ficiem
258 1286 361 1382 partia
397 1283 431 1360 P
466 1282 524 1380 (ς.
559 1281 815 1377 16.)‘indicat,
863 1303 949 1379 quot
970 1287 1051 1358 -sint

111 1388 227 1509 pana.
304 1413 397 1487 Cum
432 1432 542 1486 autern
582 1413 617 1489 in
654 1411 718 1486 hac
754 1414 951 1507 aequatione
990 1414 1052 1487 tria

113 1547 173 1618 rint
210 1540 369 1641 Quanta,
408 1539 529 1637 triplex
566 1541 673 1614 oritur
703 1541 876 1635 quaestio,
921 1541 1053 1634 primae

115 1690 220 1771 quota
238 1682 331 1769 paru
367 1667 486 1747 Tarius
524 1686 576 1745 ert
618 1666 799 1768 Quanam
833 1671 889 1760 1²,-
936 1691 1058 1749 secono.

115 1803 171 1876 da:
203 1804 376 1900 quoduam
401 1799 552 1876 Taurum
580 1803 715 1889 auur,
755 1802 787 1876 si
822 1802 921 1879 maier
952 1804 1059 1879 sumi·

116 1950 175 2013 tur
193 1931 363 2029 para-P,
397 1933 514 2004 tertiae
538 1950 713 2027 quaenam
741 1947 793 2005 esa
814 1932 941 2006 antima
964 1945 1068 2026 pars·

117 2060 230 2138 Tarius
267 2057 308 2134 Τ.
366 2058 423 2133 Ex
459 2057 522 2133 huc
554 2057 680 2154 triplici
722 2062 936 2155 quaestione·
955 2060 1060 2156 profi·

118 2195 286 2266 'ciscuntnr
301 2191 455 2263 notiones
476 2187 642 2279 Rationis
661 2204 697 2262 ea
716 2189 953 2286 Propertiouis
973 2191 1061 2269 Gea-

119 2322 304 2407 metricae,
342 2317 553 2406 Mensurae,
591 2315 806 2403 Fracrionis,
838 2318 1061 2418 Multiplica·

118 2451 218 2524 rionis
231 2469 280 2523 -et
295 2447 508 2535 Diuisiom'a,
532 2465 632 2544 atque
656 2447 739 2521 aliae
764 2471 843 2523 curn
866 2451 918 2523 his
934 2473 1061 2550 cogna-

119 2598 194 2672 tae,
234 2601 320 2676 quae
342 2598 460 2654 omues
485 2581 673 2652 arctissimo
695 2598 783 2652 nexu
812 2584 996 2656 sontiates
1022 2603 1060 2656 ae

118 2710 328 2807 conjunctae.
380 2707 437 2783 De
456 2709 509 2782 his
529 2707 686 2805 deinceps
709 2727 799 2781 nunc
818 2716 964 2805 agemus.

425 2961 460 3056 a.
484 2960 545 3055 48.
571 2961 693 3036 coron.
725 2981 755 3036 1.

163 3195 287 3290 Toturu
305 3196 391 3274 Teo
410 3202 526 3299 majus
547 3219 618 3290 err,
642 3223 707 3300 quo
719 3205 843 3299 plures
862 3218 968 3301 atquc
988 3221 1064 3279 ma·

111 3329 208 3422 jarer
224 3327 331 3404 haber
337 3342 461 3426 parrer
474 3307 648 3428 aequales.
674 3331 769 3429 Ergo
783 3335 810 3404 si
829 3350 1065 3426 proponuntur
1156 3405 1158 3408 ,

116 3454 212 3529 Tou
237 3457 447 3556 homogenea
477 3458 566 3534 Ter
589 3457 650 3549 P,
675 3462 721 3535 ita
745 3481 783 3534 ut
807 3464 850 3536 sit
874 3457 1067 3561 staua.

118 3603 219 3682 atque
234 3583 280 3660 T
289 3583 455 3664 :rri'P'
469 3588 723 3683 concludimus,
740 3593 773 3666 si
788 3588 1012 3689 Coefficieures
1029 3613 1067 3667 ua

120 3730 156 3790 a
178 3711 233 3788 m'
257 3721 419 3816 aequares
443 3737 542 3808 suna,
566 3717 687 3794 Torum
713 3716 833 3795 Terre
857 3721 973 3818 majus
999 3734 1066 3799 aar

121 3845 237 3922 miuus
259 3869 367 3946 quara
391 3845 450 3939 T‘,
481 3870 548 3928 aur
570 3852 640 3948 ipsi
663 3853 831 3949 aequale,
864 3852 897 3926 ri
918 3863 1009 3947 pars
1033 3851 1067 3928 i?

120 3984 175 4054 era
202 3980 318 4074 major
337 3997 414 4061 aua,
425 3982 540 4061 minor
561 4003 668 4081 quam
688 3979 737 4058 P'
765 3996 830 4059 aua
847 3982 916 4081 ipsi
927 4001 1064 4080 aequa-¹
1136 4012 1138 4017 ⁴

1026 4108 1071 4188 iir
