<?xml version="1.0" encoding="UTF-8"?>
<!DOCTYPE html PUBLIC "-//W3C//DTD XHTML 1.0 Transitional//EN"
    "http://www.w3.org/TR/xhtml1/DTD/xhtml1-transitional.dtd">
<html xmlns="http://www.w3.org/1999/xhtml" xml:lang="en" lang="en">
 <head>
  <title>
</title>
<meta http-equiv="Content-Type" content="text/html;charset=utf-8" />
  <meta name='ocr-system' content='tesseract 3.04.00' />
  <meta name='ocr-capabilities' content='ocr_page ocr_carea ocr_par ocr_line ocrx_word'/>
</head>
<body>
  <div class='ocr_page' id='page_1' title='image "./elementamathese00schrgoog_0310.png"; bbox 0 0 2514 4748; ppageno 0'>
   <div class='ocr_carea' id='block_1_1' title="bbox 198 443 1103 565">
    <p class='ocr_par' dir='ltr' id='par_1_1' title="bbox 198 443 1103 565">
     <span class='ocr_line' id='line_1_1' title="bbox 198 443 1103 565; baseline 0.012 -30"><span class='ocrx_word' id='word_1_1' title='bbox 198 443 201 447; x_wconf 47' lang='grc'><strong>’</strong></span> <span class='ocrx_word' id='word_1_2' title='bbox 278 478 389 537; x_wconf 81' lang='lat' dir='ltr'>tttrrtt</span> <span class='ocrx_word' id='word_1_3' title='bbox 413 461 575 562; x_wconf 74' lang='lat' dir='ltr'>Quartae</span> <span class='ocrx_word' id='word_1_4' title='bbox 598 485 772 561; x_wconf 83' lang='lat' dir='ltr'>cterqut</span> <span class='ocrx_word' id='word_1_5' title='bbox 797 482 956 544; x_wconf 70' lang='lat' dir='ltr'>omau-</span> <span class='ocrx_word' id='word_1_6' title='bbox 1028 486 1103 565; x_wconf 78' lang='grc'><strong>301·</strong></span> 
     </span>
    </p>
   </div>
   <div class='ocr_carea' id='block_1_2' title="bbox 455 657 806 754">
    <p class='ocr_par' dir='ltr' id='par_1_2' title="bbox 455 657 806 754">
     <span class='ocr_line' id='line_1_2' title="bbox 455 657 806 754; baseline -0.011 -21"><span class='ocrx_word' id='word_1_7' title='bbox 455 658 489 750; x_wconf 71' lang='lat'>§0</span> <span class='ocrx_word' id='word_1_8' title='bbox 515 657 598 754; x_wconf 70' lang='lat'>267.</span> <span class='ocrx_word' id='word_1_9' title='bbox 623 657 746 732; x_wconf 81' lang='lat' dir='ltr'>coron.</span> <span class='ocrx_word' id='word_1_10' title='bbox 771 680 806 733; x_wconf 83' lang='lat' dir='ltr'>a.</span> 
     </span>
    </p>
   </div>
   <div class='ocr_carea' id='block_1_3' title="bbox 161 821 1103 1612">
    <p class='ocr_par' dir='ltr' id='par_1_3' title="bbox 161 821 1103 1612">
     <span class='ocr_line' id='line_1_3' title="bbox 211 821 1101 919; baseline 0.007 -23"><span class='ocrx_word' id='word_1_11' title='bbox 211 821 327 913; x_wconf 83' lang='lat' dir='ltr'>Neque</span> <span class='ocrx_word' id='word_1_12' title='bbox 347 826 401 910; x_wconf 88' lang='lat' dir='ltr'>A,</span> <span class='ocrx_word' id='word_1_13' title='bbox 424 826 474 909; x_wconf 86' lang='lat' dir='ltr'>B,</span> <span class='ocrx_word' id='word_1_14' title='bbox 495 826 543 911; x_wconf 83' lang='lat' dir='ltr'>C,</span> <span class='ocrx_word' id='word_1_15' title='bbox 564 829 599 894; x_wconf 91' lang='lat' dir='ltr'><em>D</em></span> <span class='ocrx_word' id='word_1_16' title='bbox 620 843 756 914; x_wconf 84' lang='lat' dir='ltr'>possunt</span> <span class='ocrx_word' id='word_1_17' title='bbox 780 829 899 898; x_wconf 86' lang='lat' dir='ltr'>efficere</span> <span class='ocrx_word' id='word_1_18' title='bbox 915 832 1101 919; x_wconf 88' lang='lat' dir='ltr'>Proportio-</span> 
     </span>
     <span class='ocr_line' id='line_1_4' title="bbox 168 928 1100 1035; baseline 0.004 -20"><span class='ocrx_word' id='word_1_19' title='bbox 168 963 240 1015; x_wconf 87' lang='lat' dir='ltr'>oem</span> <span class='ocrx_word' id='word_1_20' title='bbox 276 945 522 1028; x_wconf 76' lang='lat' dir='ltr'>arithmeticam,</span> <span class='ocrx_word' id='word_1_21' title='bbox 560 947 613 1012; x_wconf 91' lang='lat' dir='ltr'>vel</span> <span class='ocrx_word' id='word_1_22' title='bbox 644 947 877 1029; x_wconf 76' lang='lat' dir='ltr'>harmonicam,</span> <span class='ocrx_word' id='word_1_23' title='bbox 910 968 1015 1034; x_wconf 89' lang='lat' dir='ltr'>neque</span> <span class='ocrx_word' id='word_1_24' title='bbox 1043 928 1100 1035; x_wconf 83' lang='lat' dir='ltr'>A,</span> 
     </span>
     <span class='ocr_line' id='line_1_5' title="bbox 161 1058 1097 1146; baseline 0.009 -19"><span class='ocrx_word' id='word_1_25' title='bbox 161 1061 215 1145; x_wconf 69' lang='lat' dir='ltr'>B,</span> <span class='ocrx_word' id='word_1_26' title='bbox 247 1061 533 1146; x_wconf 73' lang='lat' dir='ltr'>Ciroportionem</span> <span class='ocrx_word' id='word_1_27' title='bbox 558 1062 774 1146; x_wconf 78' lang='lat' dir='ltr'>geometricam</span> <span class='ocrx_word' id='word_1_28' title='bbox 801 1065 1004 1146; x_wconf 90' lang='lat' dir='ltr'>continuam,</span> <span class='ocrx_word' id='word_1_29' title='bbox 1034 1058 1097 1135; x_wconf 84' lang='lat' dir='ltr'>niti</span> 
     </span>
     <span class='ocr_line' id='line_1_6' title="bbox 167 1163 1101 1266; baseline 0.005 -20"><span class='ocrx_word' id='word_1_30' title='bbox 167 1194 244 1246; x_wconf 87' lang='lat' dir='ltr'>aunt</span> <span class='ocrx_word' id='word_1_31' title='bbox 267 1179 473 1263; x_wconf 81' lang='lat' dir='ltr'>homogenea.</span> <span class='ocrx_word' id='word_1_32' title='bbox 516 1163 625 1266; x_wconf 85' lang='lat' dir='ltr'>Quare</span> <span class='ocrx_word' id='word_1_33' title='bbox 650 1180 719 1245; x_wconf 90' lang='lat' dir='ltr'>sola</span> <span class='ocrx_word' id='word_1_34' title='bbox 743 1179 893 1265; x_wconf 87' lang='lat' dir='ltr'>Quanta,</span> <span class='ocrx_word' id='word_1_35' title='bbox 924 1200 1005 1264; x_wconf 91' lang='lat' dir='ltr'>quae</span> <span class='ocrx_word' id='word_1_36' title='bbox 1031 1168 1101 1251; x_wconf 84' lang='lat' dir='ltr'>om·</span> 
     </span>
     <span class='ocr_line' id='line_1_7' title="bbox 166 1294 1103 1380; baseline 0.007 -21"><span class='ocrx_word' id='word_1_37' title='bbox 166 1294 219 1361; x_wconf 89' lang='lat' dir='ltr'>nia</span> <span class='ocrx_word' id='word_1_38' title='bbox 241 1294 322 1361; x_wconf 90' lang='lat' dir='ltr'>inter</span> <span class='ocrx_word' id='word_1_39' title='bbox 335 1313 371 1362; x_wconf 91' lang='lat' dir='ltr'>se</span> <span class='ocrx_word' id='word_1_40' title='bbox 394 1310 470 1361; x_wconf 90' lang='lat' dir='ltr'>sunt</span> <span class='ocrx_word' id='word_1_41' title='bbox 495 1295 710 1378; x_wconf 79' lang='lat' dir='ltr'>homogenea,</span> <span class='ocrx_word' id='word_1_42' title='bbox 731 1298 982 1380; x_wconf 76' lang='lat' dir='ltr'>progressionem</span> <span class='ocrx_word' id='word_1_43' title='bbox 1003 1298 1103 1367; x_wconf 87' lang='lat' dir='ltr'>arith·</span> 
     </span>
     <span class='ocr_line' id='line_1_8' title="bbox 170 1410 1101 1497; baseline 0.006 -20"><span class='ocrx_word' id='word_1_44' title='bbox 170 1411 338 1494; x_wconf 87' lang='lat' dir='ltr'>meticam,</span> <span class='ocrx_word' id='word_1_45' title='bbox 360 1410 577 1497; x_wconf 80' lang='lat' dir='ltr'>geometricam</span> <span class='ocrx_word' id='word_1_46' title='bbox 606 1415 658 1479; x_wconf 86' lang='lat' dir='ltr'>vel</span> <span class='ocrx_word' id='word_1_47' title='bbox 689 1412 900 1480; x_wconf 78' lang='lat' dir='ltr'>harmonicam</span> <span class='ocrx_word' id='word_1_48' title='bbox 926 1414 1101 1485; x_wconf 82' lang='lat' dir='ltr'>constitue·</span> 
     </span>
     <span class='ocr_line' id='line_1_9' title="bbox 168 1545 375 1612; baseline 0.01 -17"><span class='ocrx_word' id='word_1_49' title='bbox 168 1545 203 1595; x_wconf 90' lang='lat' dir='ltr'>re</span> <span class='ocrx_word' id='word_1_50' title='bbox 227 1545 375 1612; x_wconf 78' lang='lat' dir='ltr'>possunt.</span> 
     </span>
    </p>
   </div>
   <div class='ocr_carea' id='block_1_4' title="bbox 426 1694 812 1824">
    <p class='ocr_par' dir='ltr' id='par_1_4' title="bbox 426 1694 812 1824">
     <span class='ocr_line' id='line_1_10' title="bbox 426 1694 812 1824; baseline 0.016 -22"><span class='ocrx_word' id='word_1_51' title='bbox 426 1694 486 1824; x_wconf 14' lang='grc' dir='ltr'>ῦς.</span> <span class='ocrx_word' id='word_1_52' title='bbox 515 1726 600 1806; x_wconf 79' lang='lat'>268.</span> <span class='ocrx_word' id='word_1_53' title='bbox 627 1727 812 1808; x_wconf 77' lang='lat' dir='ltr'>Animadm</span> 
     </span>
    </p>
   </div>
   <div class='ocr_carea' id='block_1_5' title="bbox 165 1918 1149 2708">
    <p class='ocr_par' dir='ltr' id='par_1_5' title="bbox 165 1918 1149 2708">
     <span class='ocr_line' id='line_1_11' title="bbox 210 1918 1100 2010; baseline 0.002 -20"><span class='ocrx_word' id='word_1_54' title='bbox 210 1918 314 1990; x_wconf 78' lang='lat' dir='ltr'>Facile</span> <span class='ocrx_word' id='word_1_55' title='bbox 334 1941 376 1990; x_wconf 82' lang='lat' dir='ltr'>ex</span> <span class='ocrx_word' id='word_1_56' title='bbox 398 1923 454 1989; x_wconf 80' lang='lat' dir='ltr'>his</span> <span class='ocrx_word' id='word_1_57' title='bbox 474 1923 589 2007; x_wconf 88' lang='lat' dir='ltr'>positis</span> <span class='ocrx_word' id='word_1_58' title='bbox 618 1924 780 2009; x_wconf 79' lang='lat' dir='ltr'>principiis</span> <span class='ocrx_word' id='word_1_59' title='bbox 806 1923 983 2010; x_wconf 76' lang='lat' dir='ltr'>colligitur,</span> <span class='ocrx_word' id='word_1_60' title='bbox 1005 1935 1100 2007; x_wconf 75' lang='lat' dir='ltr'>quae·</span> 
     </span>
     <span class='ocr_line' id='line_1_12' title="bbox 165 2039 1099 2124; baseline 0.002 -18"><span class='ocrx_word' id='word_1_61' title='bbox 165 2056 237 2106; x_wconf 88' lang='lat' dir='ltr'>tram</span> <span class='ocrx_word' id='word_1_62' title='bbox 264 2059 397 2121; x_wconf 89' lang='lat' dir='ltr'>eorum,</span> <span class='ocrx_word' id='word_1_63' title='bbox 420 2058 499 2121; x_wconf 73' lang='lat' dir='ltr'>cquae</span> <span class='ocrx_word' id='word_1_64' title='bbox 526 2041 565 2106; x_wconf 90' lang='lat' dir='ltr'>de</span> <span class='ocrx_word' id='word_1_65' title='bbox 586 2041 768 2106; x_wconf 86' lang='lat' dir='ltr'>Fractorum</span> <span class='ocrx_word' id='word_1_66' title='bbox 791 2040 975 2124; x_wconf 84' lang='lat' dir='ltr'>aequalitate</span> <span class='ocrx_word' id='word_1_67' title='bbox 992 2054 1025 2106; x_wconf 91' lang='lat' dir='ltr'>et</span> <span class='ocrx_word' id='word_1_68' title='bbox 1046 2039 1099 2108; x_wconf 90' lang='lat' dir='ltr'>iu·</span> 
     </span>
     <span class='ocr_line' id='line_1_13' title="bbox 165 2155 1097 2244; baseline 0.005 -23"><span class='ocrx_word' id='word_1_69' title='bbox 165 2157 349 2237; x_wconf 84' lang='lat' dir='ltr'>aequalitate</span> <span class='ocrx_word' id='word_1_70' title='bbox 367 2156 599 2239; x_wconf 78' lang='lat' dir='ltr'>conclusimus,</span> <span class='ocrx_word' id='word_1_71' title='bbox 622 2155 730 2237; x_wconf 82' lang='lat' dir='ltr'>referri</span> <span class='ocrx_word' id='word_1_72' title='bbox 759 2156 886 2242; x_wconf 84' lang='lat' dir='ltr'>possint</span> <span class='ocrx_word' id='word_1_73' title='bbox 913 2157 951 2223; x_wconf 89' lang='lat' dir='ltr'>ad</span> <span class='ocrx_word' id='word_1_74' title='bbox 971 2156 1097 2244; x_wconf 82' lang='lat' dir='ltr'>Quanta</span> 
     </span>
     <span class='ocr_line' id='line_1_14' title="bbox 165 2272 1095 2358; baseline 0.001 -21"><span class='ocrx_word' id='word_1_75' title='bbox 165 2273 323 2358; x_wconf 78' lang='lat' dir='ltr'>cujusque</span> <span class='ocrx_word' id='word_1_76' title='bbox 343 2272 476 2357; x_wconf 86' lang='lat' dir='ltr'>generis.</span> <span class='ocrx_word' id='word_1_77' title='bbox 519 2274 624 2358; x_wconf 88' lang='lat' dir='ltr'>Quare</span> <span class='ocrx_word' id='word_1_78' title='bbox 648 2273 681 2339; x_wconf 93' lang='lat' dir='ltr'>in</span> <span class='ocrx_word' id='word_1_79' title='bbox 702 2273 741 2338; x_wconf 83' lang='lat' dir='ltr'>iis</span> <span class='ocrx_word' id='word_1_80' title='bbox 757 2273 875 2338; x_wconf 87' lang='lat' dir='ltr'>diutius</span> <span class='ocrx_word' id='word_1_81' title='bbox 896 2276 1009 2338; x_wconf 91' lang='lat' dir='ltr'>morari</span> <span class='ocrx_word' id='word_1_82' title='bbox 1027 2290 1095 2339; x_wconf 90' lang='lat' dir='ltr'>nott</span> 
     </span>
     <span class='ocr_line' id='line_1_15' title="bbox 168 2388 1149 2474; baseline 0.001 -19"><span class='ocrx_word' id='word_1_83' title='bbox 168 2409 251 2474; x_wconf 85' lang='lat' dir='ltr'>opus</span> <span class='ocrx_word' id='word_1_84' title='bbox 277 2407 347 2456; x_wconf 85' lang='lat' dir='ltr'>esse</span> <span class='ocrx_word' id='word_1_85' title='bbox 375 2389 512 2456; x_wconf 85' lang='lat' dir='ltr'>videtur.</span> <span class='ocrx_word' id='word_1_86' title='bbox 573 2390 679 2474; x_wconf 77' lang='lat' dir='ltr'>Magis</span> <span class='ocrx_word' id='word_1_87' title='bbox 710 2388 840 2454; x_wconf 89' lang='lat' dir='ltr'>adrem</span> <span class='ocrx_word' id='word_1_88' title='bbox 871 2389 1099 2456; x_wconf 84' lang='lat' dir='ltr'>videturesse</span> <span class='ocrx_word' id='word_1_89' title='bbox 1147 2390 1149 2395; x_wconf 83' lang='lat'>&#39;</span> 
     </span>
     <span class='ocr_line' id='line_1_16' title="bbox 165 2500 1098 2590; baseline -0.004 -16"><span class='ocrx_word' id='word_1_90' title='bbox 165 2505 454 2587; x_wconf 87' lang='lat' dir='ltr'>accommodatum,</span> <span class='ocrx_word' id='word_1_91' title='bbox 486 2500 512 2570; x_wconf 89' lang='lat' dir='ltr'>si</span> <span class='ocrx_word' id='word_1_92' title='bbox 541 2524 634 2571; x_wconf 87' lang='lat' dir='ltr'>usum</span> <span class='ocrx_word' id='word_1_93' title='bbox 665 2505 909 2590; x_wconf 77' lang='lat' dir='ltr'>proportionum</span> <span class='ocrx_word' id='word_1_94' title='bbox 934 2500 1098 2570; x_wconf 74' lang='lat' dir='ltr'>nonnullis</span> 
     </span>
     <span class='ocr_line' id='line_1_17' title="bbox 169 2622 554 2708; baseline -0.008 -16"><span class='ocrx_word' id='word_1_95' title='bbox 169 2623 322 2708; x_wconf 82' lang='lat' dir='ltr'>exemplis</span> <span class='ocrx_word' id='word_1_96' title='bbox 348 2622 554 2689; x_wconf 52' lang='lat' dir='ltr'>ostendimus,</span> 
     </span>
    </p>
   </div>
   <div class='ocr_carea' id='block_1_6' title="bbox 195 2823 1082 2927">
    <p class='ocr_par' dir='ltr' id='par_1_6' title="bbox 195 2823 1082 2927">
     <span class='ocr_line' id='line_1_18' title="bbox 195 2823 1082 2927; baseline -0.003 -23"><span class='ocrx_word' id='word_1_97' title='bbox 195 2830 227 2927; x_wconf 47' lang='lat' dir='ltr'>§o</span> <span class='ocrx_word' id='word_1_98' title='bbox 250 2824 332 2923; x_wconf 80' lang='lat'><strong>269.</strong></span> <span class='ocrx_word' id='word_1_99' title='bbox 355 2825 412 2899; x_wconf 83' lang='lat' dir='ltr'>De</span> <span class='ocrx_word' id='word_1_100' title='bbox 430 2848 492 2900; x_wconf 80' lang='lat' dir='ltr'>asu</span> <span class='ocrx_word' id='word_1_101' title='bbox 507 2823 769 2922; x_wconf 81' lang='lat' dir='ltr'>Proportionum</span> <span class='ocrx_word' id='word_1_102' title='bbox 781 2823 1082 2925; x_wconf 77' lang='lat' dir='ltr'>geometricorum·-</span> 
     </span>
    </p>
   </div>
   <div class='ocr_carea' id='block_1_7' title="bbox 167 2992 1163 4258">
    <p class='ocr_par' dir='ltr' id='par_1_7' title="bbox 167 2992 1163 4141">
     <span class='ocr_line' id='line_1_19' title="bbox 221 2992 1163 3092; baseline -0.004 -13"><span class='ocrx_word' id='word_1_103' title='bbox 221 3010 311 3079; x_wconf 85' lang='lat' dir='ltr'>Usus</span> <span class='ocrx_word' id='word_1_104' title='bbox 357 3007 601 3092; x_wconf 90' lang='lat' dir='ltr'>Proportionum</span> <span class='ocrx_word' id='word_1_105' title='bbox 637 3006 915 3092; x_wconf 76' lang='lat' dir='ltr'>geometricorum,</span> <span class='ocrx_word' id='word_1_106' title='bbox 951 3025 1024 3073; x_wconf 92' lang='lat' dir='ltr'>cum</span> <span class='ocrx_word' id='word_1_107' title='bbox 1061 2994 1102 3076; x_wconf 73' lang='lat' dir='ltr'>ex</span> <span class='ocrx_word' id='word_1_108' title='bbox 1156 2992 1163 3001; x_wconf 52' lang='lat'>⁸</span> 
     </span>
     <span class='ocr_line' id='line_1_20' title="bbox 170 3114 1099 3209; baseline -0.004 -15"><span class='ocrx_word' id='word_1_109' title='bbox 170 3147 314 3201; x_wconf 86' lang='lat' dir='ltr'>mensura</span> <span class='ocrx_word' id='word_1_110' title='bbox 338 3127 406 3209; x_wconf 88' lang='lat' dir='ltr'>ipsa</span> <span class='ocrx_word' id='word_1_111' title='bbox 435 3125 607 3209; x_wconf 85' lang='lat' dir='ltr'>prodeant,</span> <span class='ocrx_word' id='word_1_112' title='bbox 628 3123 781 3192; x_wconf 82' lang='lat' dir='ltr'>maximus</span> <span class='ocrx_word' id='word_1_113' title='bbox 802 3137 851 3189; x_wconf 86' lang='lat' dir='ltr'>est</span> <span class='ocrx_word' id='word_1_114' title='bbox 872 3138 902 3190; x_wconf 88' lang='lat' dir='ltr'>et</span> <span class='ocrx_word' id='word_1_115' title='bbox 924 3114 1099 3190; x_wconf 80' lang='lat' dir='ltr'>uberrimus</span> 
     </span>
     <span class='ocr_line' id='line_1_21' title="bbox 171 3238 1102 3333; baseline -0.009 -21"><span class='ocrx_word' id='word_1_116' title='bbox 171 3246 205 3313; x_wconf 90' lang='lat' dir='ltr'>in</span> <span class='ocrx_word' id='word_1_117' title='bbox 240 3260 306 3312; x_wconf 90' lang='lat' dir='ltr'>tota</span> <span class='ocrx_word' id='word_1_118' title='bbox 332 3242 472 3311; x_wconf 84' lang='lat' dir='ltr'>Marlaesi</span> <span class='ocrx_word' id='word_1_119' title='bbox 502 3239 599 3308; x_wconf 85' lang='lat' dir='ltr'>mixta</span> <span class='ocrx_word' id='word_1_120' title='bbox 623 3253 656 3333; x_wconf 87' lang='lat' dir='ltr'>et</span> <span class='ocrx_word' id='word_1_121' title='bbox 684 3256 773 3323; x_wconf 87' lang='lat' dir='ltr'>pura.</span> <span class='ocrx_word' id='word_1_122' title='bbox 828 3240 874 3307; x_wconf 89' lang='lat' dir='ltr'>lta</span> <span class='ocrx_word' id='word_1_123' title='bbox 902 3238 934 3306; x_wconf 91' lang='lat' dir='ltr'>in</span> <span class='ocrx_word' id='word_1_124' title='bbox 962 3239 1102 3333; x_wconf 82' lang='lat' dir='ltr'>Geome·</span> 
     </span>
     <span class='ocr_line' id='line_1_22' title="bbox 170 3346 1103 3446; baseline -0.005 -19"><span class='ocrx_word' id='word_1_125' title='bbox 170 3360 229 3428; x_wconf 95' lang='lat' dir='ltr'>tria</span> <span class='ocrx_word' id='word_1_126' title='bbox 254 3379 354 3446; x_wconf 90' lang='lat' dir='ltr'>pura,</span> <span class='ocrx_word' id='word_1_127' title='bbox 383 3357 539 3442; x_wconf 85' lang='lat' dir='ltr'>practica,</span> <span class='ocrx_word' id='word_1_128' title='bbox 569 3355 603 3422; x_wconf 87' lang='lat' dir='ltr'>iu</span> <span class='ocrx_word' id='word_1_129' title='bbox 626 3353 752 3438; x_wconf 84' lang='lat' dir='ltr'>Opticis</span> <span class='ocrx_word' id='word_1_130' title='bbox 776 3353 895 3423; x_wconf 87' lang='lat' dir='ltr'>artibus</span> <span class='ocrx_word' id='word_1_131' title='bbox 919 3346 1001 3423; x_wconf 84' lang='lat' dir='ltr'>caet.¹</span> <span class='ocrx_word' id='word_1_132' title='bbox 1031 3353 1103 3422; x_wconf 88' lang='lat' dir='ltr'>ubi·</span> 
     </span>
     <span class='ocr_line' id='line_1_23' title="bbox 170 3469 1100 3564; baseline -0.011 -16"><span class='ocrx_word' id='word_1_133' title='bbox 170 3498 234 3564; x_wconf 91' lang='lat' dir='ltr'>que</span> <span class='ocrx_word' id='word_1_134' title='bbox 254 3476 452 3563; x_wconf 84' lang='lat' dir='ltr'>reperiuntur</span> <span class='ocrx_word' id='word_1_135' title='bbox 467 3471 711 3556; x_wconf 84' lang='lat' dir='ltr'>Proportiones,</span> <span class='ocrx_word' id='word_1_136' title='bbox 733 3489 813 3553; x_wconf 88' lang='lat' dir='ltr'>quae</span> <span class='ocrx_word' id='word_1_137' title='bbox 837 3490 875 3536; x_wconf 83' lang='lat' dir='ltr'>ex</span> <span class='ocrx_word' id='word_1_138' title='bbox 898 3469 1100 3539; x_wconf 81' lang='lat' dir='ltr'>similitudine</span> 
     </span>
     <span class='ocr_line' id='line_1_24' title="bbox 169 3564 1099 3682; baseline -0.008 -19"><span class='ocrx_word' id='word_1_139' title='bbox 169 3564 336 3682; x_wconf 81' lang='lat' dir='ltr'>figurarum</span> <span class='ocrx_word' id='word_1_140' title='bbox 357 3607 388 3660; x_wconf 92' lang='lat' dir='ltr'>ct</span> <span class='ocrx_word' id='word_1_141' title='bbox 410 3609 576 3674; x_wconf 86' lang='lat' dir='ltr'>corporum</span> <span class='ocrx_word' id='word_1_142' title='bbox 605 3602 797 3668; x_wconf 86' lang='lat' dir='ltr'>nascuntur;</span> <span class='ocrx_word' id='word_1_143' title='bbox 817 3602 884 3651; x_wconf 91' lang='lat' dir='ltr'>tum</span> <span class='ocrx_word' id='word_1_144' title='bbox 904 3588 936 3652; x_wconf 89' lang='lat' dir='ltr'>in</span> <span class='ocrx_word' id='word_1_145' title='bbox 957 3589 1099 3657; x_wconf 81' lang='lat' dir='ltr'>tloctrina</span> 
     </span>
     <span class='ocr_line' id='line_1_25' title="bbox 169 3703 1102 3789; baseline -0.008 -11"><span class='ocrx_word' id='word_1_146' title='bbox 169 3713 207 3778; x_wconf 90' lang='lat' dir='ltr'>de</span> <span class='ocrx_word' id='word_1_147' title='bbox 229 3725 319 3777; x_wconf 92' lang='lat' dir='ltr'>motu</span> <span class='ocrx_word' id='word_1_148' title='bbox 346 3724 379 3776; x_wconf 90' lang='lat' dir='ltr'>ct</span> <span class='ocrx_word' id='word_1_149' title='bbox 408 3705 617 3789; x_wconf 89' lang='lat' dir='ltr'>aequilibrio,</span> <span class='ocrx_word' id='word_1_150' title='bbox 648 3703 680 3769; x_wconf 93' lang='lat' dir='ltr'>in</span> <span class='ocrx_word' id='word_1_151' title='bbox 700 3703 929 3784; x_wconf 82' lang='lat' dir='ltr'>Astronornia,</span> <span class='ocrx_word' id='word_1_152' title='bbox 951 3703 1102 3772; x_wconf 75' lang='lat' dir='ltr'>Techno-</span> 
     </span>
     <span class='ocr_line' id='line_1_26' title="bbox 167 3801 1099 3920; baseline -0.016 -26"><span class='ocrx_word' id='word_1_153' title='bbox 167 3825 276 3920; x_wconf 77' lang='lat' dir='ltr'>iogia,</span> <span class='ocrx_word' id='word_1_154' title='bbox 292 3801 518 3909; x_wconf 81' lang='lat' dir='ltr'>Proportionca</span> <span class='ocrx_word' id='word_1_155' title='bbox 537 3821 618 3913; x_wconf 87' lang='lat' dir='ltr'>inter</span> <span class='ocrx_word' id='word_1_156' title='bbox 638 3820 822 3887; x_wconf 88' lang='lat' dir='ltr'>celerimtem</span> <span class='ocrx_word' id='word_1_157' title='bbox 844 3836 950 3885; x_wconf 77' lang='lat' dir='ltr'>inatus</span> <span class='ocrx_word' id='word_1_158' title='bbox 969 3835 1000 3886; x_wconf 89' lang='lat' dir='ltr'>et</span> <span class='ocrx_word' id='word_1_159' title='bbox 1020 3836 1099 3890; x_wconf 86' lang='lat' dir='ltr'>tem.</span> 
     </span>
     <span class='ocr_line' id='line_1_27' title="bbox 169 3932 1100 4028; baseline -0.004 -18"><span class='ocrx_word' id='word_1_160' title='bbox 169 3960 253 4028; x_wconf 88' lang='lat' dir='ltr'>put,</span> <span class='ocrx_word' id='word_1_161' title='bbox 274 3940 433 4027; x_wconf 87' lang='lat' dir='ltr'>spatium,</span> <span class='ocrx_word' id='word_1_162' title='bbox 451 3939 539 4022; x_wconf 86' lang='lat' dir='ltr'>quoti</span> <span class='ocrx_word' id='word_1_163' title='bbox 556 3956 674 4023; x_wconf 87' lang='lat' dir='ltr'>corpus</span> <span class='ocrx_word' id='word_1_164' title='bbox 697 3932 870 4021; x_wconf 87' lang='lat' dir='ltr'>percurrit,</span> <span class='ocrx_word' id='word_1_165' title='bbox 894 3937 999 4016; x_wconf 83' lang='lat' dir='ltr'>vites,</span> <span class='ocrx_word' id='word_1_166' title='bbox 1018 3956 1100 4021; x_wconf 87' lang='lat' dir='ltr'>quae</span> 
     </span>
     <span class='ocr_line' id='line_1_28' title="bbox 170 4050 1103 4141; baseline -0.02 -11"><span class='ocrx_word' id='word_1_167' title='bbox 170 4073 293 4132; x_wconf 83' lang='lat' dir='ltr'>motum</span> <span class='ocrx_word' id='word_1_168' title='bbox 316 4057 475 4140; x_wconf 81' lang='lat' dir='ltr'>excitam,</span> <span class='ocrx_word' id='word_1_169' title='bbox 494 4052 694 4141; x_wconf 79' lang='lat' dir='ltr'>impediunt,</span> <span class='ocrx_word' id='word_1_170' title='bbox 713 4053 767 4120; x_wconf 84' lang='lat' dir='ltr'>ael</span> <span class='ocrx_word' id='word_1_171' title='bbox 784 4050 1000 4137; x_wconf 79' lang='lat' dir='ltr'>aequililuium</span> <span class='ocrx_word' id='word_1_172' title='bbox 1023 4070 1103 4121; x_wconf 81' lang='lat' dir='ltr'>aaa.</span> 
     </span>
    </p>

    <p class='ocr_par' dir='ltr' id='par_1_8' title="bbox 603 4167 1105 4258">
     <span class='ocr_line' id='line_1_29' title="bbox 603 4167 1105 4258; baseline 0 -1"><span class='ocrx_word' id='word_1_173' title='bbox 603 4167 671 4258; x_wconf 84' lang='lat' dir='ltr'>Qa</span> <span class='ocrx_word' id='word_1_174' title='bbox 1044 4171 1105 4257; x_wconf 50' lang='grc' dir='ltr'>,ιώ</span> 
     </span>
    </p>
   </div>
   <div class='ocr_carea' id='block_1_8' title="bbox 0 0 1262 4748">
    <p class='ocr_par' dir='ltr' id='par_1_9' title="bbox 0 0 1262 4748">
     <span class='ocr_line' id='line_1_30' title="bbox 0 0 1262 4748; baseline 0 1"><span class='ocrx_word' id='word_1_175' title='bbox 0 0 1262 4748; x_wconf 95' lang='lat' dir='ltr'> </span> 
     </span>
    </p>
   </div>
  </div>
 </body>
</html>
