2514 4748
234 460 318 535 3254
376 432 472 510 titt,
485 433 527 509 C.
539 434 586 511 11.
600 435 702 535 Secr.
714 435 758 509 11.
781 459 827 509 nn
845 437 1103 538 Pnonnnsstoun

242 628 279 695 ,οἱ
301 650 323 694 a
350 625 514 713 negativus
541 639 610 706 est,
631 627 655 692 d
678 642 724 692 est
752 629 935 710 positivus,
964 641 1057 709 atque
1087 647 1101 699 t
1127 643 1186 691 ne·

237 745 387 828 fgitivos.

539 863 574 953 §.
605 880 688 954 ηας.
711 859 832 932 Cottii.
859 884 893 946 4.

237 1005 258 1034 '¹
301 1030 348 1095 Ut
374 1012 500 1096 Summa
529 1028 763 1111 Progressionis
791 1029 832 1093 sit
855 1053 899 1096 =
916 1050 955 1104 o,
988 1029 1079 1095 debet
1109 1049 1184 1095 esse

235 1134 639 1270 λετ-ΕΜ,
662 1153 1180 1304 erg0m=t—-⁹7J²;d=-'3-⁹3.

534 1270 553 1312 α

291 1354 353 1420 Sed
368 1353 514 1436 quoniam
529 1369 651 1422 t=-
661 1377 683 1418 a
694 1356 860 1433 ,nonnulli
873 1354 961 1421 fracti
974 1356 1004 1420 in
1016 1356 1181 1437 aequatio·

272 1517 279 1531 .
793 1485 808 1527 o
1026 1482 1060 1526 ts
1153 1486 1171 1527 o

249 1517 343 1582 robus
370 1520 402 1602 5.
431 1536 507 1583 221.
539 1517 619 1582 fiunt
647 1517 766 1582 formae
789 1542 831 1636 ὂς
856 1534 891 1584 ut
910 1540 1170 1654 m=ffi=3

534 2053 565 2143 §.
595 2055 677 2127 926.
708 2012 830 2125 Coreli.
857 2074 891 2146 5.

287 2204 319 2269 Si
338 2203 516 2290 Progressio
533 2220 581 2268 est
594 2204 803 2286 decrescens,
823 2208 1005 2289 primusque
1024 2207 1177 2274 terminus

244 2334 293 2385 cst
310 2321 490 2403 positivus,
513 2314 662 2384 continua
685 2320 889 2387 diminutione
914 2323 986 2406 (ubi
1009 2344 1038 2387 m
1060 2340 1109 2391 est
1129 2323 1177 2391 in-

242 2438 408 2521 definitus)
423 2452 653 2519 consequentes
673 2438 796 2501 termini
813 2439 933 2504 tandem
954 2438 1028 2505 finnt
1038 2439 1177 2524 negativi

241 2575 369 2623 necesse
392 2573 449 2626 est.
472 2554 559 2639 Ergo
579 2553 611 2620 in
629 2554 685 2617 hac
702 2554 924 2637 progressione
944 2559 1068 2619 numeri
1082 2576 1178 2641 trega·

241 2677 303 2747 tivi
329 2677 460 2741 minores
480 2687 552 2738 sont
570 2673 736 2757 positivis,
759 2686 854 2754 atquc
876 2691 908 2735 co
939 2673 1094 2752 minores,
1116 2693 1177 2757 quo

239 2795 376 2879 ipsorum
407 2786 579 2872 Quantitas
606 2785 749 2851 absoluta
772 2791 875 2850 minor
901 2801 956 2851 est.
1001 2768 1105 2872 Cujus
1129 2789 1176 2855 rei

241 2907 319 2970 ratio
341 2907 505 2988 perspicua
523 2918 581 2969 est.
607 2903 741 2968 Numeri
759 2903 839 2967 enim
859 2902 996 2985 negativi
1018 2904 1080 2969 orti
1098 2921 1175 2972 sunt

239 3042 279 3087 ex
299 3019 541 3098 subtractione,
562 3037 719 3100 eousque
743 3037 931 3102 progressa,
954 3034 989 3084 ut
1016 3038 1080 3085 non
1109 3040 1177 3089 arn.

241 3140 324 3218 plius
338 3149 455 3215 restet,
477 3156 494 3200 a
515 3155 580 3216 quo
600 3136 677 3217 quid
692 3135 914 3214 subtrahatur,
938 3135 979 3199 ita
999 3151 1033 3202 ut
1052 3139 1174 3203 solum.

150 3328 157 3341 ,
240 3257 356 3335 motio,
388 3267 538 3334 quantum
564 3252 605 3316 sit
633 3251 900 3332 subtrahendum,
931 3249 1023 3336 signo
1050 3285 1093 3307 -
1123 3251 1175 3318 in·

133 3356 154 3391 ·'
238 3375 358 3440 creetur
380 3366 533 3452 (Confer.
555 3371 584 3450 i·
612 3389 687 3434 201.
708 3369 775 3451 s).

526 3509 554 3600 5.
583 3528 664 3602 227.
689 3507 813 3581 Coroll.
839 3508 874 3580 6.

278 3659 383 3727 Utin
411 3654 595 3740 geometrica
624 3655 676 3738 (S.
702 3657 815 3736 213.),
849 3659 891 3720 ita
915 3656 947 3721 in
976 3657 1169 3731 arithmetico

238 3776 464 3862 Progressione
474 3818 485 3849 ,
496 3772 621 3835 duobus
635 3771 828 3850 quibuslibet
843 3771 982 3839 terminis
997 3776 1036 3840 ad
1043 3775 1171 3847 libitum

233 3896 312 3983 aiios
322 3889 472 3957 terminos
492 3885 691 3970 interponere
708 3908 902 3970 possumus,
926 3890 1062 3973 quicum
1083 3895 1164 3978 ipsis

232 4028 345 4078 novam
368 4004 622 4091 progressionem
647 4003 870 4076 arithmeticam
904 4008 1116 4083 constituunt.

1118 4127 1167 4196 Ita
