2514 4748
159 406 232 482 218
270 401 638 495 emicuissent
663 407 1057 515 aulaeaqamanmus,

349 599 389 676 P·.
439 597 496 674 11.
542 597 805 677 CAPUT
853 605 926 691 11..

182 838 232 887 ns
253 795 522 902 aequitantes
546 837 597 884 aa
620 835 932 904 tuasquantmiau
955 843 1073 891 nasc-

237 954 387 1017 aonam
418 953 468 1002 uu
489 954 734 1019 anaiouaaus,
757 957 1020 1008 aaoaanaamu·

367 1072 435 1122 aus
466 1072 517 1121 ss
551 1073 889 1130 aaoaussmuisus.

386 1228 855 1303 SECTIOI.

189 1424 248 1501 Da
271 1424 491 1521 aequalitate
513 1421 744 1514 Fractarum,
787 1428 857 1503 sire
890 1428 932 1500 aa
954 1429 1045 1503 Pro·

279 1554 497 1651 portionibus
520 1554 614 1631 t‘rttar
637 1578 795 1632 numeros
811 1570 934 1654 purat.
1033 1616 1039 1625 .

185 1928 217 2027 §.
254 1928 334 2019 189.
370 1925 617 2001 Conuenitrtr'a
647 1922 857 2001 Fractarum
892 1940 928 2000 tt
959 1922 1041 2004 Ra,

537 2055 680 2130 tior'tum.

176 2221 444 2312 Quandoquidem
456 2220 632 2306 Exponens
643 2221 813 2305 Rationis,
830 2239 912 2304 quae
931 2233 982 2288 est
1001 2221 1091 2288 inter

130 2346 196 2415 duo
209 2342 335 2431 Quanta
352 2341 549 2424 homogenea
561 2387 573 2421 ‚
586 2339 888 2418 indicaturFracm,
911 2353 1008 2420 atque
1018 2338 1088 2405 Ra·

128 2463 234 2532 tiones
262 2458 409 2540 aequales
439 2470 516 2523 sunt
539 2459 590 2524 vel
618 2456 822 2541 inaequales,
843 2456 873 2523 si
905 2458 1086 2541 Exponen-

125 2595 176 2650 tes
198 2578 344 2662 aequales
371 2587 449 2641 sunt
480 2574 533 2639 vel
565 2573 744 2659 inaequales
775 2576 826 2660 (§·
851 2593 892 2658 52
914 2589 945 2641 et
968 2576 1076 2660 57.)‚

124 2697 229 2767 omnis
253 2691 399 2779 quaestio
421 2692 462 2758 de
480 2692 653 2760 Rationum
672 2693 857 2776 aequalitate
874 2707 907 2760 et
926 2694 1082 2774 inaequa-

62 2856 68 2871 ·
119 2816 209 2884 litate
236 2812 372 2879 refertur
401 2810 440 2875 ad
464 2808 711 2894 investigandam
724 2876 727 2882 ,
741 2812 928 2878 Fractorum
957 2829 1080 2893 aequa·

120 2933 240 3000 litatem
268 2943 302 2996 et
332 2926 611 3010 inaequalitatem,
654 2943 752 3013 atque
782 2948 822 2996 ex
851 2931 966 2996 horum
995 2948 1080 2996 con·

119 3047 326 3132 templatione
354 3045 523 3112 eliciendae
553 3058 631 3112 sunt
658 3049 904 3133 Propomionum
935 3064 969 3116 et
991 3049 1075 3117 Pto·

120 3162 320 3254 grassianum
340 3163 439 3245 leges.

409 3324 443 3416 §.
473 3347 554 3418 190.
584 3326 781 3402 Problema.

181 3496 341 3597 Defiaira
364 3498 452 3593 quid
472 3519 701 3597 consequatur
722 3526 769 3577 aa
794 3502 1004 3579 Fractarum

391 3638 418 3807 Ξ
441 3694 476 3750 et
497 3643 526 3808 ἓ
551 3681 781 3778 aequalitate.

520 3865 652 3932 Solatia.
