2514 4748
166 423 216 500 62
345 421 439 502 Psi.
463 422 508 499 C.
532 421 936 504 taurinantium
1020 410 1022 414 '

166 620 297 717 quoties
330 617 549 696 Dividendus
584 624 740 697 continet.
775 620 1010 699 Dinisoren·
1060 626 1111 702 itu

166 749 340 844 proposita
363 749 529 824 Ratione:
549 749 597 844 36
625 750 769 843 fioreni:
796 772 816 847 3
835 752 983 849 floreni,
1007 776 1113 852 qute-

142 882 279 987 ‚ritut,
329 882 367 954 in
405 895 488 977 quot
519 892 645 975 partes
687 882 849 976 aequales
894 882 998 958 diuisi
1040 886 1114 962 sint

167 1008 216 1106 36
245 1007 389 1106 floreni,
437 1012 471 1083 si
502 1009 676 1105 quaelibet
710 1022 801 1104 part
822 1026 875 1116 est¹
906 1031 927 1106 3
956 1010 1113 1107 floreni3

166 1141 228 1215 ubi
266 1140 505 1233 respondeturt
548 1141 582 1210 in
619 1160 661 1211 ra
691 1159 820 1232 partes:
857 1140 911 1213 vel
940 1147 1116 1238 quaeritur

166 1271 295 1366 quoties
316 1260 368 1365 36
385 1267 511 1364 floreni
536 1269 732 1344 contineant
764 1267 977 1364 3flarenos,
1006 1292 1112 1369 atque

167 1398 409 1493 respondetur:
452 1398 636 1473 duodecies.
687 1397 781 1472 Haec
812 1402 912 1496 igitur
938 1420 990 1473 est
1018 1403 1114 1478 aetio

166 1528 352 1615 metiendi,
375 1529 435 1600 ubi
453 1527 670 1606 Dividendus
686 1548 741 1601 est
765 1525 945 1629 Quantum
968 1535 1114 1610 metien-

168 1657 277 1744 tium,
310 1654 450 1729 Divisor
472 1676 581 1728 autem
611 1679 788 1732 mensura.

136 1809 140 1817 “
215 1785 264 1893 At
296 1807 399 1873 vero,
427 1780 458 1856 ‘si
493 1784 634 1859 Divisot
663 1806 732 1859 non
767 1808 818 1860 est
852 1811 928 1884 pars
975 1788 1114 1887 aliquo-

133 1934 199 1990 ,ω
235 1912 439 2002 Divideudi,
477 1911 608 2015 Quotus
645 1934 697 1993 est
738 1940 902 1995 numerus
930 1917 1112 2016 fractus,

166 2067 269 2146 atque
296 2066 448 2118 mensura
467 2043 594 2140 Quanti
628 2044 669 2120 A
694 2042 838 2134 nonest
866 2045 923 2136 B,
949 2047 1007 2120 sed
1035 2047 1120 2143 pars'

42 2261 44 2264 ¹
166 2176 312 2270 aliquota
334 2176 438 2267 ipsius
454 2172 513 2263 B‚·
534 2194 620 2267 quae
646 2173 752 2268 qualis
778 2178 843 2264 sit,
867 2173 1021 2248 definitur
1036 2176 1115 2251 De·

166 2308 373 2379 nominatore
394 2301 623 2396 Exponenda,
647 2303 751 2377 veluti
781 2305 801 2378 8
832 2324 954 2378 metro:
992 2305 1017 2380 6
1039 2315 1114 2380 meh

166 2454 216 2509 aa
235 2455 280 2497 =
296 2432 340 2523 ξς·
355 2434 413 2505 ubi
437 2452 588 2503 mensura
611 2450 661 2504 est
686 2432 827 2537 duplum
850 2454 1011 2525 metrum,
1047 2458 1110 2512 aut

165 2565 259 2637 tertia
284 2583 359 2657 pars
383 2562 407 2636 6
430 2581 626 2634 metrorum.
656 2603 659 2609 ·

214 2720 249 2769 a·
288 2691 476 2766 Secundum
498 2688 670 2788 problema
701 2690 799 2786 hujus
826 2712 876 2764 est
906 2702 1112 2791 argumentis

41 2884 52 2905 2
164 2852 229 2928 Ex
251 2853 330 2925 dato
353 2849 559 2941 Exponente
592 2816 648 2967 Ξ,
673 2862 778 2943 atque
800 2844 947 2922 termina
969 2865 1110 2925 antece·

33 3068 38 3074 .
83 3063 87 3071 .
164 3009 272 3080 dente·
291 3003 331 3077 A
355 3000 533 3090 Rationis,
571 2978 727 3096 repetire
763 3004 952 3078 terminum
985 3028 1113 3101 fonte·

165 3179 321 3262 quentem
348 3155 406 3244 B,-
440 3160 498 3230 ubi
522 3132 617 3283 {est
637 3159 797 3247 Divisor,
822 3158 857 3231 tt
878 3177 927 3229 est
955 3155 1122 3265 Quotus.=

166 3317 241 3392 Hac
266 3319 365 3414 igitur
393 3317 554 3391 divisione
585 3317 750 3391 inuenitur
779 3310 956 3410 Quantum
982 3313 1036 3402 B,
1058 3318 1113 3390 ad

164 3450 256 3548 quod
275 3450 321 3522 tt't
350 3465 520 3543 quantum
544 3446 602 3532 A,
628 3463 668 3520 ut
697 3457 864 3539 exponent
891 3459 941 3517 ert
962 3444 1013 3516 ud
1030 3446 1113 3518 unt'·

164 3595 283 3652 tatem.
320 3578 357 3650 Si
381 3578 519 3650 Divisot
549 3598 600 3649 est
615 3597 770 3648 numerus
793 3577 942 3672 integer,
967 3570 1112 3669 Quotus

162 3706 348 3803 significat,
359 3724 494 3804 quanta
508 3709 555 3780 tit
565 3721 655 3803 part
675 3703 873 3790 Dividendi3
887 3704 1113 3776 Divisomu·

164 3857 253 3924 tem,
278 3856 359 3935 quot
377 3839 448 3911 sint
461 3836 785 3934 partes'aequalts:
812 3832 916 3905 veluti
942 3832 990 3930 36
1012 3829 1116 3905 flore·

163 3969 227 4045 ni:
252 3986 296 4041 ta
314 3987 401 4064 ..τ-3
426 3967 564 4057 inteoi3
595 3955 653 4039 ubi
680 3965 882 4062 proponitur
906 3960 1113 4056 problemat

1082 4116 1115 4174 Si
