2564 4740
234 474 271 520 .:·
348 436 867 534 ··⁴.anr1tn2a1·.ts.
983 504 986 511 .
1065 462 1144 537 «99

159 638 309 735 signum
331 680 381 702 -
398 652 472 708 ante
496 632 583 708 AM
602 633 748 726 ardica,
772 655 894 731 corpus
920 652 992 708 esse
1013 633 1054 707 ad
1076 635 1121 707 si·

179 769 312 841 sistram
343 785 470 859 partem
497 766 614 859 puncti
640 765 688 841 A.

227 895 305 971 Hos
338 889 826 968 motuscontrariosaocibus
849 905 1053 990 progressus
1087 909 1123 965 et

175 1045 378 1124 regressus,
400 1024 580 1097 adscensus
604 1038 640 1095 et
660 1023 854 1108 descensus,
875 1040 986 1096 motus
1009 1023 1124 1096 orien-

180 1169 248 1228 ren
275 1171 312 1227 er
334 1153 569 1242 occidentem,
599 1151 653 1224 vel
683 1153 943 1248 septentrionem
978 1169 1013 1226 et
1043 1173 1123 1225 asts·

179 1297 274 1357 rrum
287 1302 427 1369 sersus,
443 1280 582 1378 aliisque
597 1280 796 1370 indicamus,
817 1281 1024 1376 dicimusque
1037 1280 1124 1354 duas

181 1413 271 1486 sires
292 1427 459 1487 merentes
477 1411 515 1482 in
530 1413 729 1487 contrarias
752 1433 859 1509 agere
865 1424 1002 1507 partes.
1026 1389 1123 1507 Qua·

135 1553 157 1569 '⁴
182 1561 216 1616 te
238 1543 268 1613 si
294 1538 504 1636 Quantitates
531 1540 651 1614 horum
675 1561 828 1615 motuum
857 1542 1125 1628 contrariorum,

183 1670 293 1743 idest
321 1670 410 1755 vias,
459 1690 543 1764 quaa
580 1670 745 1763 percurrit
778 1689 929 1764 corpus,
979 1669 1127 1745 numetis

183 1796 390 1894 designamus
403 1847 433 1881 ,.
452 1797 533 1870 aiter
555 1818 709 1870 numanus
735 1818 785 1870 est
814 1798 1052 1873 subtrahendus
1077 1798 1127 1873 al·

185 1929 268 2016 teri,
286 1925 322 1997 id
340 1945 392 1999 est
407 1925 572 2000 notandus
586 1928 682 2024 signo
706 1975 764 1999 -.
790 1926 964 2024 Quantitas
973 1929 1128 2024 positus

181 2074 258 2143 est,
283 2055 381 2150 cujus
409 2075 548 2128 numero
570 2055 734 2129 antecedit
762 2059 890 2154 signum
913 2054 955 2145 -Ι-
980 2078 1037 2129 aut
1053 2057 1127 2130 nul·

184 2183 252 2257 ium
285 2187 441 2279 signum3
464 2187 626 2278 quantitas
653 2187 842 2284 negativa,
867 2186 962 2282 cujus
986 2207 1128 2261 numero

185 2312 351 2405 praecedit
377 2315 509 2406 signum
533 2354 590 2383 -.
616 2311 778 2407 Quaestio
804 2317 895 2406 ipsa,
911 2315 955 2386 dc·
978 2336 1044 2409 qua
1060 2317 1130 2410 agi·

186 2462 268 2533 tur,
288 2428 435 2528 indicat,
450 2464 523 2515 utra
538 2447 703 2538 quantitas
723 2449 867 2541 positiva
890 2450 958 2534 sit,
983 2467 1054 2518 utta
1071 2467 1128 2518 ne·

183 2575 305 2668 gativa.
329 2571 419 2644 Nam
435 2575 462 2644 si
485 2576 559 2667 quis
577 2597 611 2646 v.
623 2595 861 2670 c.eomputat,
875 2575 1129 2670 quantumlucri
1213 2576 1220 2588 '

185 2720 227 2773 cx
238 2703 383 2798 negotiis
398 2706 562 2794 susceptis
576 2704 713 2793 fecerit,
725 2726 861 2799 accepta
874 2724 951 2776 sunt
957 2704 1130 2800 positiva,

184 2849 329 2924 expensa
344 2832 597 2927 suntnegnst‘sn
613 2833 773 2907 habenda.
800 2833 1013 2906 Contrarium
1039 2835 1128 2906 obti-

186 2978 264 3046 net,
288 2961 316 3030 si
337 2963 527 3053 quaeritur,
540 2983 699 3057 quantum
711 2965 859 3058 jacturae
877 2961 1014 3046 feceritt
1036 2963 1129 3059 quod

187 3108 265 3163 cum
295 3089 352 3177 fit,
378 3111 520 3185 expensa
544 3094 709 3184 positiva,
733 3113 872 3186 accepta
902 3096 1049 3189 negativa
1071 3093 1129 3164 ha-

188 3218 296 3291 benda
318 3240 407 3293 sunt.
455 3220 492 3292 Si
523 3220 671 3296 nondum
707 3220 835 3315 liquet,
872 3241 981 3294 utrum
1004 3223 1131 3316 jactura

188 3369 231 3421 an
263 3349 392 3422 laenam
424 3350 548 3422 factum
581 3352 644 3435 sit,
692 3349 776 3421 nihil
816 3352 972 3439 interest,
1020 3369 1130 3423 utrum

189 3498 305 3553 eorum
334 3480 433 3552 fuerit
465 3482 658 3573 positivum.
710 3481 747 3553 Si
776 3499 916 3574 accepta
948 3501 1011 3572 pro
1040 3480 1133 3573 posi·

190 3611 266 3681 titis
296 3609 477 3692 habentur,
519 3629 554 3681 et
583 3631 725 3704 expensa
754 3632 819 3704 pro
853 3611 1036 3704 negativis,
1071 3607 1130 3679 sed

191 3735 323 3811 calculo
342 3738 510 3811 subducto
531 3742 712 3825 invenitur,
735 3719 878 3835 expensa
898 3737 1021 3832 majora
1036 3758 1129 3827 esse,

193 3887 321 3943 samma
341 3888 392 3941 est
414 3872 589 3967 negativa,
615 3889 712 3966 atque
737 3890 808 3943 non
830 3868 958 3942 luerunt
986 3866 1044 3939 sed
1064 3869 1136 3963 jac·

198 4016 303 4076 utram
335 3997 469 4076 indicat.
540 3994 542 3997 ’

1097 4119 1138 4198 ln
