2514 4748
149 131 180 209 6
260 162 270 173 ·
359 125 916 219 P.1.C.i.oei’oscotsm=
988 182 992 194 .

151 322 355 414 connita,
373 344 417 399 ex
437 304 559 423 quibus
578 328 759 417 consistit,
782 329 856 422 ipse
870 323 992 401 desinit
1005 344 1099 402 aare

151 452 262 563 Quod
286 453 447 530 indicatur
473 457 728 529 enunciatione:
1036 457 1042 465 '
1085 488 1088 497 ·

204 578 361 681 Quilibet
392 606 556 658 numam
577 582 725 681 finitus,
752 584 919 660 adradis
946 584 1100 660 mati·

151 712 235 802 but,
260 712 437 814 indefinite
470 715 618 813 augeri,
656 730 763 811 arque
790 713 991 815 auferendis
1016 715 1098 790 etti*

87 896 94 907 -
149 844 283 923 ratim
310 845 362 921 ad
381 843 530 921 nibilum
561 844 679 918 reduci
705 857 829 939 potest.

190 971 256 1049 'nd
273 973 310 1048 id
328 975 563 1072 designandum
591 973 804 1048 Arithmerici
821 975 870 1048 uti
887 970 997 1059 solent
1016 972 1098 1048 cha⁴

126 1103 333 1179 'nennius
366 1119 417 1177 oo
442 1124 477 1177 et
496 1126 533 1178 o.
565 1102 680 1178 Priore
705 1104 894 1178 charactere
913 1104 1098 1191 indicante

147 1232 278 1308 nullutn
310 1253 385 1308 esse
411 1233 542 1308 finitum
572 1253 631 1306 seu
661 1233 772 1307 datum
800 1254 996 1320 numentm,
1033 1237 1097 1330 qui

148 1382 219 1437 mn
239 1366 353 1461 augeri
383 1366 491 1458 possit
504 1383 520 1457 3
545 1381 648 1459 quare
674 1361 827 1456 symbola
857 1381 908 1436 est
927 1365 1095 1456 numeri,

150 1494 210 1590 qni
241 1492 366 1567 dicitur
395 1492 574 1594 infinitus,
600 1494 659 1590 qui
685 1494 838 1566 omnibus
853 1493 999 1565 numeris
1021 1490 1097 1573 fini,

149 1624 192 1697 tis
219 1643 280 1707 seu
303 1621 389 1696 datis
413 1624 519 1718 major
547 1641 610 1696 est.
643 1619 813 1697 Posterior
832 1643 943 1695 autem
965 1641 1047 1696 nota
1070 1645 1095 1697 o

148 1747 320 1851 designat,
370 1752 501 1826 nulium
530 1774 666 1849 prorsus
694 1773 766 1824 esse
799 1772 998 1841 numerum,
1021 1755 1096 1826 sive

148 1881 261 1955 nullus
293 1901 388 1956 antea
421 1883 540 1971 suerit,
565 1884 634 1954 sive
660 1903 816 1956 numerus
834 1884 931 1977 ipse,
954 1881 1095 1955 sublatis

147 2012 1094 2105 unitatibus,evanueritent4-1-1-t-testn

194 2174 232 2333 i.
255 2256 292 2332 4„
317 2234 517 2357 Aquario,
545 2237 650 2339 tigna
672 2235 905 2337 aequalitatis
927 2254 964 2314 er
985 2239 1044 2326 ia,-

338 2371 581 2467 aequalt'ratt’s.
613 2367 785 2471 Definitio
807 2371 896 2468 ejus.

195 2593 370 2694 Aequana
397 2615 447 2669 est
472 2597 668 2692 propositio
695 2597 919 2697 Catcgorica,
944 2597 1092 2673 indicans

147 2746 207 2806 tut
229 2725 313 2802 duas
336 2727 478 2800 diventa
505 2728 628 2803 formas
655 2728 801 2824 ejusdem
827 2727 953 2826 Quanti
978 2729 1093 2802 Arith-

148 2860 288 2946 menei,
306 2878 365 2930 aut
377 2856 606 2953 aequalitatem
619 2857 760 2931 duorum
780 2857 993 2956 Quantorum
1011 2855 1096 2952 (1).

145 2986 234 3065 Duo
263 3007 375 3060 autem
403 2986 538 3085 Quanta
567 2984 733 3084 aequalia
764 3006 836 3060 esse
860 2987 1039 3075 dicuntur,
1062 2986 1093 3059 si

146 3105 324 3192 &neodem
346 3120 512 3193 unitatum
538 3115 679 3213 eundem
702 3136 877 3190 numerum
897 3118 1093 3204 continent,

147 3267 208 3324 aut
233 3250 261 3320 si
282 3246 472 3322 alterutrum
504 3247 607 3320 toties
638 3243 776 3319 eandm
804 3247 954 3318 continet
985 3244 1092 3318 unita·

146 3397 235 3468 tem,
273 3379 343 3452 aive
369 3377 531 3473 integram
561 3376 634 3451 site
668 3372 823 3464 fractam,
855 3373 990 3473 quoties
1007 3370 1091 3448 alte·

146 3526 222 3585 nrm
247 3527 321 3582 eam
345 3507 508 3583 continet.

183 3731 229 3786 ‘ri
246 3707 362 3792 corias
375 3706 503 3813 Prolegs,
519 3731 688 3811 psi-too,
707 3729 776 3803 toi,
794 3744 858 3807 109·
882 3716 885 3723 ’
1029 3633 1097 3755 Ae·-
