2514 4748
207 458 232 510 n
420 435 462 515 Ρ.
486 433 516 512 l.
541 430 951 518 comemmorans

213 628 302 708 uode
326 633 427 706 etiam
461 628 584 706 dicitur
612 652 826 724 numerare,
861 635 929 711 hoc
965 625 1160 714 Mathcseos

215 761 413 835 universalis
431 762 606 837 Posrutao
638 761 821 836 indicatur:

228 889 388 968 ···Daeae
414 893 568 967 unitam
600 891 748 987 ejusdem
774 888 920 991 generos
937 895 1098 990 quotlibet
1123 899 1162 972 in

213 1041 323 1100 unum
353 1043 536 1096 numerum
560 1023 767 1119 congregari
785 1036 942 1117 possunt.
1082 1115 1085 1120 ,

261 1148 299 1224 Si
333 1127 550 1224 autemnon
586 1153 831 1247 congregantur
865 1151 977 1226 seda
1017 1174 1161 1228 numero

211 1279 370 1376 deinceps
391 1279 568 1352 demuntur
589 1282 753 1369 unitates,
787 1280 851 1353 alia
883 1284 1084 1379 perspicitur
1105 1304 1160 1355 ea·

211 1404 349 1484 rundem
376 1407 572 1483 facultatum
606 1411 723 1500 actio,
757 1430 824 1504 qua
847 1431 892 1484 ex
914 1410 993 1484 dato
1019 1433 1161 1488 numero

210 1537 406 1612 auferuntur
428 1539 567 1612 unitates
584 1558 653 1610 una
676 1557 755 1633 post
776 1536 897 1628 aliam,
920 1542 966 1614 ita
986 1562 1025 1615 ut
1041 1564 1160 1616 nume·

212 1690 271 1744 rus
295 1672 461 1777 tonatur,
496 1669 555 1764 qui
582 1670 759 1765 pauciores
792 1652 964 1745 contiueat
996 1642 1160 1762 unitates,

148 1870 151 1874 .
209 1797 445 1896 quemdum
478 1818 648 1872 numerus.
724 1796 819 1873 Haec
854 1801 1018 1876 indicatur
1052 1800 1158 1876 altero

207 1927 408 2003 Postulatoe

188 2125 189 2128 a
257 2060 299 2135 A
319 2080 463 2135 numero
485 2057 635 2155 quolibet
655 2059 811 2133 unitates
828 2057 970 2159 aufirri
981 2073 1133 2156 possunt.

257 2185 354 2262 Haec
371 2187 440 2260 duo
462 2186 628 2282 postulato
648 2187 759 2260 valent
781 2186 823 2259 de
838 2190 1018 2261 unitatibus
1043 2211 1078 2263 et
1096 2214 1158 2262 nu·

210 2319 312 2392 meris
330 2321 422 2413 puris
443 2338 511 2391 non
526 2315 636 2389 solum
652 2317 787 2413 integris
800 2316 858 2388 sed
870 2319 967 2387 etiam
986 2318 1158 2401 suetinsi

209 2468 288 2522 suut
300 2447 446 2543 ejusdem
457 2447 607 2543 generis,
621 2444 656 2517 id
671 2463 722 2516 est
731 2444 868 2516 eandem
878 2444 998 2517 habent
1007 2446 1158 2518 denomi-

207 2582 376 2653 nationem
388 2559 488 2665 3tum
500 2579 600 2649 etiam
620 2575 662 2648 de
671 2575 851 2647 unitatibus
859 2593 892 2645 et
900 2576 1044 2646 numeris
1053 2575 1157 2647 deno·

209 2708 361 2796 minatis,
378 2707 563 2780 dummodo
574 2703 715 2802 qualitas
723 2707 884 2778 unitatum
897 2703 1096 2800 eademsit(
1122 2702 1158 2800 ).

228 2897 494 2992 ‚Animadversio
518 2919 549 2966 1.
571 2894 643 2964 Nos
666 2897 699 2964 in
720 2897 771 2964 his
794 2898 971 2983 praeceptis
994 2896 1158 2963 Arithme·

206 2990 290 3086 nicae
309 3034 427 3101 purae,
451 3034 533 3099 quoe
552 3015 711 3082 veredici
731 3029 841 3098 potest
852 3013 1009 3079 Mathonis
1029 3016 1157 3077 uniuer-

205 3118 306 3217 salis,
327 3134 367 3201 de
385 3133 463 3200 solis
484 3129 659 3200 unitatibus
680 3145 713 3199 et
732 3130 872 3201 numeris
898 3133 990 3217 puris
1009 3131 1155 3216 agimus,

205 3267 446 3341 praeterquam,
467 3249 496 3317 si
516 3251 555 3317 od
568 3265 734 3335 praecepta
751 3249 957 3330 illustranda,
979 3265 1158 3332 eorumque

206 3389 302 3441 usum
323 3369 569 3453 explicandum,
600 3360 838 3450 nonnumquam
860 3364 1069 3432 denominatis
1093 3364 1158 3432 uti·

205 3507 280 3556 mur
310 3485 463 3554 numeris.
518 3485 653 3552 Numeri
682 3484 780 3571 puri,
816 3483 958 3568 quamvis
986 3503 1062 3551 vere
1090 3484 1157 3550 sint

207 3604 435 3694 Quantitates‚
458 3620 525 3669 non
552 3603 703 3690 Quanta,
726 3602 853 3682 idest,
875 3602 1038 3685 indIccnt,
1060 3621 1158 3685 quae·

184 3740 278 3792 -oam
299 3721 342 3788 sit
364 3717 562 3808 Quantitatis
585 3719 667 3789 ratio
689 3727 747 3812 (a)
777 3721 860 3789 inter
880 3719 1029 3809 Quanta,
1059 3731 1158 3801 atque

1073 3854 1156 3920 quo·

237 3945 285 4022 (ι)
306 3941 413 4013 Prolcg.
435 3959 465 4012 p·
482 3958 530 4004 ιο,
553 3958 596 3998 u.

239 4044 283 4118 (a)
303 4042 499 4114 Probo-1³04·
518 4057 562 4098 aa·
