2564 4740
220 458 384 537 sousa
411 464 503 516 suns
528 463 638 516 moun
664 440 986 517 Nummos-uanos.
1040 456 1110 535 ²25

166 636 218 702 ‘his
240 636 427 703 Factoribus
458 635 624 723 Propoetio
650 635 725 720 efflei
752 647 873 729 potest,
911 635 1033 721 inqua
1060 634 1116 699 isti

170 750 233 821 duo
272 753 421 819 Factores
457 755 650 818 alterutrius
691 753 846 817 Producat
874 768 947 818 sunt
983 755 1115 818 termini

168 868 287 953 taedii,
313 887 411 957 atque
437 869 498 937 dno
526 870 675 935 Fautores
702 869 837 936 alterius
861 866 1017 936 Produeti
1040 885 1115 938 sunt

170 992 302 1055 serotini
329 994 474 1056 extremi.
529 988 575 1052 Hs·
603 989 753 1054 Factores
780 1003 911 1075 possunt
942 1008 1002 1053 esse
1035 987 1119 1054 Pro·

167 1105 267 1174 ducta
294 1128 334 1173 esc
362 1108 436 1174 aliis
460 1106 672 1186 Funeribus,
698 1082 823 1191 Quasi,
846 1105 992 1168 Summae
1004 1132 1025 1184 ,·=
1037 1102 1117 1185 Dif-

161 1223 326 1307 ferentiae
349 1240 446 1309 atque
472 1226 568 1288 etiam
590 1224 696 1286 unitas
719 1222 770 1303 (§.
798 1241 882 1304 192,
908 1221 1004 1304 193.)
1071 1292 1075 1300 ,

213 1342 261 1410 Ε.
280 1340 444 1427 Quaelibet
470 1345 575 1427 igitur
594 1341 762 1428 Propertio
785 1359 863 1407 tera
891 1353 957 1418 est,
980 1341 1009 1403 si
1032 1337 1115 1406 Pro·

168 1456 297 1524 ductum
326 1479 364 1522 ec
385 1461 529 1524 terminis
549 1459 697 1523 extremis
724 1457 856 1544 aequale
877 1470 922 1522 est
953 1455 1112 1524 Producta

170 1596 210 1641 ea
228 1578 372 1641 'terminis
394 1574 501 1640 mediis
524 1578 574 1658 (ἕ.
598 1572 707 1656 191.).

213 1693 253 1757 F.
276 1693 328 1756 Ex
351 1693 490 1774 qualibet
503 1692 714 1775 Propoetione
732 1708 905 1759 nascuntur
924 1695 1016 1759 etiam
1034 1695 1112 1762 aliae

168 1809 421 1893 erumnosus,
465 1829 596 1891 quarum
629 1809 755 1875 termini
789 1826 866 1876 sunt
904 1812 1051 1878 Summae
1079 1826 1112 1876 et

161 1925 371 1994 Differentiae
402 1926 605 1992 terminorum
632 1927 726 2011 hujus
746 1927 991 2010 proportionis,
1012 1928 1110 2011 idque

173 2043 222 2108 his
248 2045 384 2128 legibus.

212 2182 241 2227 a.
275 2165 405 2228 Summa
434 2163 486 2228 tei
512 2159 708 2246 Differentia
741 2166 947 2229 terminorum
992 2179 1115 2231 antece·

169 2280 308 2348 dentium
328 2298 372 2346 est
391 2278 439 2345 ad
454 2281 614 2346 Summam
639 2283 691 2348 uel
709 2278 935 2364 Differentiam
962 2286 1112 2348 termino·

169 2387 240 2464 tum
261 2403 530 2484 consequentium,
551 2414 586 2462 ut
615 2404 769 2463 terminus
797 2397 978 2464 antecedens
1002 2415 1047 2468 est
1066 2398 1115 2465 ad

165 2529 253 2583 suum
273 2519 449 2581 terminum¹
465 2531 693 2600 consequentem
717 2516 768 2597 (§.
796 2535 868 2597 190.
892 2516 968 2597 X.).
1015 2549 1017 2554 ·

166 2676 169 2681 -
210 2631 243 2696 b.
268 2633 396 2697 Summa
415 2633 466 2696 uel
479 2627 674 2716 Differentia
693 2634 899 2696 tertniuorum
918 2632 1111 2698 alterutrius

172 2749 320 2817 Rationis
351 2764 395 2815 est
424 2749 469 2813 ad
497 2751 656 2812 Summum
681 2749 733 2813 nel
752 2745 977 2831 Differentiam
1004 2752 1115 2813 termi-

171 2887 280 2932 norum
313 2867 446 2932 alterius
475 2867 646 2945 Rationis,
692 2882 727 2929 ut
755 2869 908 2930 terminus
932 2862 1112 2932 antecedens

164 2987 257 3052 'iilius
288 3000 333 3050 est
354 2984 400 3048 ad
422 2987 591 3049 serotinum
620 2981 847 3047 antecedentem
876 2983 968 3066 hujus
998 2983 1113 3049 Ratio·

174 3108 239 3184 m's,
270 3104 324 3169 uel
343 3117 379 3168 ut
405 3106 558 3167 terminus
587 3121 769 3185 consequens
795 3101 883 3166 illias
908 3115 952 3166 est
973 3100 1020 3165 ad
1046 3116 1114 3166 ter*
1151 3182 1155 3188 Α
1216 3110 1222 3126 “

165 3225 282 3286 minum
307 3235 536 3298 consequentem
559 3219 652 3302 nujus
682 3218 832 3284 Rationis
856 3218 906 3302 (ὅ.
935 3237 1007 3299 190.
1030 3218 1109 3296 X.).

205 3339 245 3404 In
263 3340 345 3404 hisce
367 3337 623 3423 Propoetionibus
645 3339 775 3401 tetnsini
801 3332 1036 3415 antecedentes,
1059 3335 1113 3402 tel

167 3458 294 3521 termini
312 3453 444 3533 es'usdent
468 3455 617 3518 Rationis
637 3471 698 3538 per
718 3449 846 3516 eundem
863 3471 1027 3515 numerum
1041 3469 1112 3538 pos·

167 3588 238 3639 sum
265 3594 326 3639 esse
352 3573 558 3658 muln‘plicati
591 3586 650 3637 aut
678 3569 784 3636 diuisi.
839 3568 926 3634 Idem
964 3571 1050 3636 salet
1072 3567 1110 3636 de

164 3664 310 3754 ‘terminis
332 3690 584 3776 consequentibus
606 3677 744 3771 (§.190.
769 3686 859 3768 lx).
936 3683 937 3686 '

209 3827 239 3877 c.
260 3807 352 3872 Inter
371 3810 530 3874 Summam
559 3810 767 3872 terminorum
795 3804 1041 3872 antecedentium
1060 3820 1112 3872 at·

171 3945 230 4011 qne
248 3930 408 4012 Summam
423 3931 629 3992 terminorum
651 3922 900 4010 consequentium
929 3922 1035 3989 eadem
1066 3935 1111 3991 cst

159 4035 270 4114 ²'Ratio
290 4059 386 4133 atque
405 4041 726 4129 interDtfferentiam
736 4043 788 4128 (S.
805 4041 877 4126 196.
890 4042 932 4108 X.
947 4060 1007 4122 11,
1023 4039 1109 4129 120).

1002 4155 1036 4223 d.
1058 4153 1114 4222 In·
