2514 4748
197 720 198 724 =
307 666 386 751 ,Ρ.
436 667 487 741 11.
535 669 787 746 CAPUT
835 678 878 750 V.

227 999 286 1047 Μ
317 1000 623 1050 ΝΠΜΗΟΝΜ
656 1000 984 1050 nlvlsonlnus·

182 1544 216 1636 5.
240 1564 325 1639 497.
349 1545 581 1645 Congruentia
603 1546 855 1623 nomitatim*
879 1549 1036 1624 Modaioi

355 1693 391 1752 et
412 1674 615 1752 Resttuum.
664 1677 841 1777 Definitio.

318 1862 334 1901 t·
379 1864 425 1901 tr.-
487 1874 490 1879 ·
558 1896 561 1903 ,
790 1870 799 1887 ·

184 1947 218 2014 si
246 1968 288 2032 47
317 1949 470 2017 dividitur
508 1968 566 2034 per
594 1971 642 2034 y,
666 1948 794 2035 -ptodit
829 1952 977 2030 totque
1007 1947 1073 2014 Re·

553 2076 598 2137 47
752 2072 772 2137 5

142 2109 267 2177 situum
296 2128 345 2178 est
372 2129 412 2197 5,
434 2111 466 2181 id
491 2123 588 2246 est?
612 2116 734 2190 =6÷
751 2132 797 2242 53
820 2131 859 2180 ex
880 2131 947 2196 quo
965 2107 1073 2196 sequi·

141 2343 194 2393 tur
209 2291 407 2468 47τῆ36
428 2348 523 2417 atque
545 2295 709 2474 Q:
726 2373 770 2388 -
787 2339 809 2403 6
828 2352 899 2404 esse
921 2351 1069 2400 numeros

139 2490 301 2576 integros3
325 2512 420 2575 quare
444 2513 482 2561 ex
506 2498 644 2562 numeris
669 2516 711 2579 47
732 2510 764 2563 et
791 2498 908 2579 salter
931 2508 981 2562 est
1005 2495 1070 2562 Re·

138 2609 263 2675 siduum
292 2611 441 2692 alterius,
476 2614 504 2679 si
526 2615 650 2680 Divisio
684 2613 718 2678 fit
740 2629 797 2696 per
817 2632 849 2695 7.
894 2611 962 2677 Hac
983 2611 1070 2676 inre
1135 2606 1138 2613 ’

139 2727 182 2793 C.
214 2727 252 2795 F.
284 2722 426 2794 Gau'ss
460 2731 492 2795 in
533 2730 665 2814 egregiis
694 2728 761 2795 suis
805 2725 1080 2814 disquisitionibut

138 2845 356 2943 Arithmett'ois
386 2846 533 2932 (Lipsiae
568 2845 682 2926 1801.)
713 2863 791 2910 usus
824 2858 872 2910 est
901 2843 950 2909 his
972 2844 1071 2909 deno·

141 2961 364 3029 minationibus
395 2977 426 3029 et
457 2961 748 3047 designationibus‚
790 2960 829 3027 ad
857 2979 921 3027 rem
948 2979 1070 3027 accom-

142 3078 287 3145 modatis.

180 3196 216 3263 si
240 3217 283 3279 a,
306 3196 351 3280 b,
371 3218 401 3261 m
422 3195 545 3263 numeri
566 3208 642 3262 sunt
667 3176 786 3280 integri
799 3197 952 3284 positivi,
974 3209 1071 3277 atque

283 3303 367 3370 a-b

137 3361 266 3447 Quotus
291 3393 360 3481 7η-
390 3374 439 3428 est
458 3363 604 3447 integer,
626 3382 648 3426 a
662 3374 694 3427 et
714 3358 734 3423 b
753 3359 900 3426 dicuntur
918 3380 979 3428 otst
998 3381 1070 3427 coo·

132 3527 212 3610 grui
236 3522 399 3591 secondom
422 3544 477 3606 m,
509 3538 608 3607 atque
630 3525 716 3590 aiter
734 3525 867 3590 alterius
891 3545 952 3591 osso
979 3524 1071 3593 Reti·

135 3639 244 3709 doum.
288 3642 454 3709 Numerus·
467 3662 498 3706 m
524 3656 656 3708 vocatur
683 3639 847 3720 modulos,
870 3658 966 3724 atque
988 3660 1071 3710 sem·-

135 3777 193 3844 per
220 3760 353 3841 habetur
376 3763 529 3849 positivus
556 3773 587 3825 tt
613 3760 747 3842 integer.
801 3758 933 3825 Numeri
962 3775 1068 3827 autem

135 3875 249 3962 integri
280 3899 302 3943 a
325 3891 358 3944 et
376 3877 417 3961 i,
439 3895 574 3959 quorum
597 3873 782 3942 Differentia
801 3892 858 3957 per
882 3894 912 3940 m
932 3894 997 3942 non
1018 3891 1068 3943 est

133 3992 301 4063 divisIbilis
339 3995 390 4080 (ς.
405 3993 536 4080 -175.)‚
557 3991 705 4060 dicuntur
735 4007 807 4060 esse
832 3995 999 4079 incongrui
1021 4012 1070 4086 to·

990 4127 1067 4182 tutt-
