2514 4748
35 528 42 546 Ι
141 434 193 535 pi
234 485 238 491 -
295 426 336 504 P,
359 364 467 511 ieci
483 423 546 502 lii
568 447 614 503 ne
631 441 684 500 on·
705 423 967 505 Nonnnioton.
1006 498 1009 503 .

142 644 274 724 ponunt
297 623 472 714 undecim,
506 622 704 712 duodecim,
735 622 925 714 tredecim,
947 622 984 694 in
1012 621 1094 719 qui·

142 757 206 831 bus
234 774 472 850 nonnunquam
501 754 602 826 etiem
633 772 795 847 usurpant
827 751 1092 825 subtractionem

143 884 488 982 velut·nndeoiginri‚
503 882 737 981 dodeoiginti
752 900 838 955 caet.
864 881 902 956 Si
917 881 989 969 bit,
1009 897 1094 972 ter,

127 1000 275 1116 ¹quater
296 1048 362 1088 ..ι
386 1012 497 1087 nonies
522 1016 568 1085 ite
596 1031 801 1087 numeratum
828 1032 901 1101 est,
924 1011 960 1083 id
979 1010 1097 1085 decla·

144 1162 236 1218 ratur
249 1141 391 1217 vocibus
413 1141 562 1238 riginti,
588 1141 763 1239 triginta,
784 1140 1032 1239 quodraginta
1056 1190 1095 1216 ..

146 1273 353 1371 nonaginta.
426 1268 464 1343 Si
496 1289 606 1344 autem
630 1271 756 1358 decos,
807 1290 985 1365 usurpatur
1022 1293 1097 1346 vox

148 1404 287 1499 propria
303 1419 338 1473 et
362 1399 503 1496 simplex
526 1416 686 1511 centuni,
726 1398 829 1474 Hunc
849 1419 958 1474 autem
977 1422 1100 1475 nume·

147 1535 379 1605 iiim-³centiion
402 1529 478 1617 bis,
500 1546 580 1620 ter,
603 1547 730 1625 quater
754 1576 792 1603 ..
816 1530 928 1606 nonies
949 1550 1028 1603 esse·
1045 1551 1100 1604 re-

150 1661 316 1758 petitum,
339 1659 375 1731 id
397 1658 570 1756 designant
582 1679 686 1733 voces
709 1663 918 1753 compositae
938 1661 1100 1749 ducenti,

151 1790 317 1876 trecenti,
339 1789 675 1887 quadringenti
701 1791 888 1887 nongenti,
908 1789 967 1862 sed
991 1791 1102 1866 detiet

152 1932 226 1995 etse
248 1927 453 2018 repetitum,
474 1918 658 1994 declaratur
682 1898 770 1994 voce
793 1917 937 2014 simplici
958 1920 1066 1995 mide.

198 2132 374 2203 Animado.
405 2132 580 2200 Vernacula
600 2133 709 2220 lingua
730 2133 858 2203 eandem
886 2133 1033 2217 sequitur
1056 2135 1104 2203 le·

156 2271 227 2341 gem
236 2266 270 2321 et
279 2251 434 2320 ordinem.
455 2251 545 2319 Patet
555 2251 763 2335 enim,voces
776 2255 925 2339 trintig,
945 2250 1103 2339 dertig..

154 2374 302 2459 nogentig
323 2370 460 2437 indicare
476 2384 550 2436 ttoee
575 2373 700 2451 denen,
722 2368 793 2436 drie
816 2366 921 2436 tienon
945 2407 982 2436 .·
1004 2391 1105 2458 negen

156 2491 273 2557 tienen.
295 2488 372 2554 Vox
392 2488 455 2574 elf,
476 2501 627 2555 monente
646 2485 795 2575 Adelong
813 2487 846 2554 in
864 2488 991 2574 egregio
1002 2489 1105 2558 Leni·

156 2628 192 2676 eo
211 2606 401 2678 Germanico
412 2606 451 2673 ab
471 2606 544 2690 ipso
566 2605 676 2688 edito,
697 2605 876 2690 composita
894 2623 1003 2674 estex
1022 2626 1105 2677 voce

157 2732 234 2814 den,
277 2740 374 2808 atque
399 2743 439 2792 ex
467 2725 617 2792 obsoleto
645 2702 756 2791 verbo'
773 2723 896 2805 deibert,
935 2726 1024 2806 quod
1055 2740 1106 2793 est

158 2845 409 2929 Anglosaxicum
439 2844 551 2927 lyfon,
571 2843 744 2928 Anglicum
766 2843 920 2924 rodente,
943 2842 1105 2912 Graecum

158 2964 296 3038 neimo,
310 2974 408 3043 atque
418 2972 564 3024 nostrum
580 2957 695 3040 iiij-oen
714 2958 793 3045 (ubi
806 2958 924 3026 literni
936 2959 1028 3026 vocIs
1039 2959 1107 3030 vion

159 3078 272 3163 auget)
296 3077 340 3144 ita
360 3089 398 3143 ut
425 3077 477 3161 eif
491 3074 665 3162 significet,
691 3082 748 3143 een
774 3075 861 3161 ilifft
885 3068 1044 3146 orer'ron
1068 3076 1109 3146 dt

160 3197 248 3289 tien,
270 3208 367 3278 atque
391 3193 521 3279 ttooolf,
550 3209 623 3261 ttoee
648 3193 738 3280 bliift
759 3215 846 3262 orer.
889 3195 982 3280 Ipsae
1007 3214 1110 3265 voces

162 3311 306 3381 honderd
328 3325 425 3394 atque
452 3308 595 3378 doizend
630 3309 804 3395 (Latinum
831 3309 929 3379 decies
961 3312 1111 3400 centum)

162 3429 381 3515 repetitionem
414 3428 536 3497 numeri
566 3427 788 3510 decernitque
815 3444 939 3507 centurn
969 3430 1113 3500 indicare

162 3552 324 3620 videntur.
804 3626 806 3630 v

208 3667 367 3738 Nonnulli
387 3665 480 3734 etiam
507 3663 621 3751 popuii
641 3663 730 3754 pedis
750 3663 861 3752 digitis
890 3663 924 3730 in
943 3683 1115 3736 numeran.

161 3784 208 3856 'do
226 3786 278 3854 usi
299 3784 401 3852 fuisse
418 3785 579 3853 videntur.
623 3785 705 3851 Sunt
726 3784 833 3867 enim,
863 3782 1017 3868 aquibus
1040 3786 1115 3854 sin·

160 3904 259 3991 'gulae
285 3904 345 3970 hae
369 3903 450 3969 duae
482 3901 655 3982 notiones,
699 3892 849 3969 numerus
882 3900 1115 3987 decernitque

164 4040 239 4117 pes,
270 4040 418 4089 numerus
449 4014 592 4090 orodeo'int
616 4034 715 4104 atque
742 4037 797 4108 pet
818 4035 849 4089 et
874 3998 994 4107 unont,
1026 4040 1116 4096 caet.

1054 4161 1121 4212 mi·
