<?xml version="1.0" encoding="UTF-8"?>
<!DOCTYPE html PUBLIC "-//W3C//DTD XHTML 1.0 Transitional//EN"
    "http://www.w3.org/TR/xhtml1/DTD/xhtml1-transitional.dtd">
<html xmlns="http://www.w3.org/1999/xhtml" xml:lang="en" lang="en">
 <head>
  <title>
</title>
<meta http-equiv="Content-Type" content="text/html;charset=utf-8" />
  <meta name='ocr-system' content='tesseract 3.04.00' />
  <meta name='ocr-capabilities' content='ocr_page ocr_carea ocr_par ocr_line ocrx_word'/>
</head>
<body>
  <div class='ocr_page' id='page_1' title='image "./elementamathese00schrgoog_0566.png"; bbox 0 0 2514 4748; ppageno 0'>
   <div class='ocr_carea' id='block_1_1' title="bbox 283 410 1082 529">
    <p class='ocr_par' dir='ltr' id='par_1_1' title="bbox 283 410 1082 529">
     <span class='ocr_line' id='line_1_1' title="bbox 283 410 1082 529; baseline -0.004 -25"><span class='ocrx_word' id='word_1_1' title='bbox 283 410 839 504; x_wconf 70' lang='lat' dir='ltr'>⁷1D1v&#39;120u1eus.</span> <span class='ocrx_word' id='word_1_2' title='bbox 992 447 1082 529; x_wconf 65' lang='lat'>2553</span> 
     </span>
    </p>
   </div>
   <div class='ocr_carea' id='block_1_2' title="bbox 124 617 1141 1641">
    <p class='ocr_par' dir='ltr' id='par_1_2' title="bbox 124 617 1141 1402">
     <span class='ocr_line' id='line_1_2' title="bbox 124 617 1081 708; baseline -0.004 -19"><span class='ocrx_word' id='word_1_3' title='bbox 124 622 194 708; x_wconf 69' lang='lat' dir='ltr'>¹jus</span> <span class='ocrx_word' id='word_1_4' title='bbox 210 620 348 688; x_wconf 65' lang='lat' dir='ltr'>‘&#39;numeri</span> <span class='ocrx_word' id='word_1_5' title='bbox 359 668 373 704; x_wconf 89' lang='lat'>‚</span> <span class='ocrx_word' id='word_1_6' title='bbox 404 641 465 689; x_wconf 78' lang='lat' dir='ltr'>oen</span> <span class='ocrx_word' id='word_1_7' title='bbox 489 636 534 688; x_wconf 80' lang='lat' dir='ltr'>est</span> <span class='ocrx_word' id='word_1_8' title='bbox 553 620 695 688; x_wconf 68' lang='lat' dir='ltr'>&#39;Diuisor</span> <span class='ocrx_word' id='word_1_9' title='bbox 715 621 848 706; x_wconf 79' lang='lat' dir='ltr'>alicujus</span> <span class='ocrx_word' id='word_1_10' title='bbox 875 619 941 704; x_wconf 67' lang='lat' dir='ltr'>q&#39;ur</span> <span class='ocrx_word' id='word_1_11' title='bbox 969 617 1081 685; x_wconf 76' lang='lat' dir='ltr'>Facta·</span> 
     </span>
     <span class='ocr_line' id='line_1_3' title="bbox 148 745 699 826; baseline -0.007 -18"><span class='ocrx_word' id='word_1_12' title='bbox 148 745 207 809; x_wconf 80' lang='lat' dir='ltr'>ris.</span> <span class='ocrx_word' id='word_1_13' title='bbox 697 822 699 826; x_wconf 10' lang='grc' dir='ltr'><em>Α</em></span> 
     </span>
     <span class='ocr_line' id='line_1_4' title="bbox 148 851 1081 941; baseline -0.004 -19"><span class='ocrx_word' id='word_1_14' title='bbox 148 897 152 902; x_wconf 94' lang='grc'>-</span> <span class='ocrx_word' id='word_1_15' title='bbox 192 872 226 938; x_wconf 76' lang='grc'>5.</span> <span class='ocrx_word' id='word_1_16' title='bbox 249 857 372 940; x_wconf 83' lang='lat' dir='ltr'>Siquis</span> <span class='ocrx_word' id='word_1_17' title='bbox 399 873 546 929; x_wconf 77' lang='lat' dir='ltr'>numerus</span> <span class='ocrx_word' id='word_1_18' title='bbox 562 857 686 941; x_wconf 82' lang='lat' dir='ltr'>primur</span> <span class='ocrx_word' id='word_1_19' title='bbox 713 873 773 918; x_wconf 83' lang='lat' dir='ltr'>uon</span> <span class='ocrx_word' id='word_1_20' title='bbox 798 868 842 920; x_wconf 77' lang='lat' dir='ltr'>ert</span> <span class='ocrx_word' id='word_1_21' title='bbox 861 851 993 920; x_wconf 74' lang='lat' dir='ltr'>Diuisor</span> <span class='ocrx_word' id='word_1_22' title='bbox 1020 855 1081 919; x_wconf 76' lang='lat' dir='ltr'>ali·</span> 
     </span>
     <span class='ocr_line' id='line_1_5' title="bbox 149 968 1082 1056; baseline -0.003 -21"><span class='ocrx_word' id='word_1_23' title='bbox 149 974 238 1056; x_wconf 73' lang='lat' dir='ltr'>cm&#39;us</span> <span class='ocrx_word' id='word_1_24' title='bbox 274 977 399 1036; x_wconf 74' lang='lat' dir='ltr'>numeri</span> <span class='ocrx_word' id='word_1_25' title='bbox 411 1017 424 1051; x_wconf 90' lang='lat'>‚</span> <span class='ocrx_word' id='word_1_26' title='bbox 467 991 527 1036; x_wconf 81' lang='lat' dir='ltr'>nott</span> <span class='ocrx_word' id='word_1_27' title='bbox 556 985 601 1036; x_wconf 74' lang='lat' dir='ltr'>ess</span> <span class='ocrx_word' id='word_1_28' title='bbox 634 969 765 1036; x_wconf 79' lang='lat' dir='ltr'>Diuisor</span> <span class='ocrx_word' id='word_1_29' title='bbox 794 970 891 1037; x_wconf 80' lang='lat' dir='ltr'>ullius</span> <span class='ocrx_word' id='word_1_30' title='bbox 915 968 1082 1036; x_wconf 69' lang='lat' dir='ltr'>potestatis</span> 
     </span>
     <span class='ocr_line' id='line_1_6' title="bbox 143 1085 1141 1172; baseline -0.002 -20"><span class='ocrx_word' id='word_1_31' title='bbox 143 1088 229 1172; x_wconf 69' lang='lat' dir='ltr'>-q&#39;un</span> <span class='ocrx_word' id='word_1_32' title='bbox 273 1085 334 1154; x_wconf 76' lang='lat' dir='ltr'>Sed</span> <span class='ocrx_word' id='word_1_33' title='bbox 348 1090 378 1153; x_wconf 82' lang='lat' dir='ltr'>si</span> <span class='ocrx_word' id='word_1_34' title='bbox 395 1103 439 1152; x_wconf 80' lang='lat' dir='ltr'>etr</span> <span class='ocrx_word' id='word_1_35' title='bbox 461 1087 590 1154; x_wconf 75' lang='lat' dir='ltr'>Diuisor</span> <span class='ocrx_word' id='word_1_36' title='bbox 613 1089 801 1166; x_wconf 66' lang='lat' dir='ltr'>Portemus,</span> <span class='ocrx_word' id='word_1_37' title='bbox 823 1088 886 1152; x_wconf 76' lang='lat' dir='ltr'>erit</span> <span class='ocrx_word' id='word_1_38' title='bbox 907 1088 1002 1152; x_wconf 80' lang='lat' dir='ltr'>etiam</span> <span class='ocrx_word' id='word_1_39' title='bbox 1020 1085 1082 1151; x_wconf 80' lang='lat' dir='ltr'>Dt-</span> <span class='ocrx_word' id='word_1_40' title='bbox 1138 1130 1141 1137; x_wconf 86' lang='lat'>·</span> 
     </span>
     <span class='ocr_line' id='line_1_7' title="bbox 146 1201 1084 1291; baseline -0.004 -19"><span class='ocrx_word' id='word_1_41' title='bbox 146 1208 236 1272; x_wconf 63' lang='lat' dir='ltr'>visor</span> <span class='ocrx_word' id='word_1_42' title='bbox 261 1207 384 1269; x_wconf 75' lang='lat' dir='ltr'>numeri</span> <span class='ocrx_word' id='word_1_43' title='bbox 404 1207 512 1291; x_wconf 72' lang='lat' dir='ltr'>ipsius.</span> <span class='ocrx_word' id='word_1_44' title='bbox 536 1206 572 1272; x_wconf 85' lang='lat' dir='ltr'>Si</span> <span class='ocrx_word' id='word_1_45' title='bbox 591 1218 713 1270; x_wconf 76' lang='lat' dir='ltr'>nonest</span> <span class='ocrx_word' id='word_1_46' title='bbox 736 1205 873 1272; x_wconf 79' lang='lat' dir='ltr'>Diuisor</span> <span class='ocrx_word' id='word_1_47' title='bbox 892 1201 1084 1283; x_wconf 67' lang='lat' dir='ltr'>Poematis,</span> 
     </span>
     <span class='ocr_line' id='line_1_8' title="bbox 154 1318 745 1402; baseline -0.003 -16"><span class='ocrx_word' id='word_1_48' title='bbox 154 1341 214 1393; x_wconf 76' lang='lat' dir='ltr'>non</span> <span class='ocrx_word' id='word_1_49' title='bbox 240 1324 304 1386; x_wconf 76' lang='lat' dir='ltr'>erit</span> <span class='ocrx_word' id='word_1_50' title='bbox 331 1318 463 1390; x_wconf 75' lang='lat' dir='ltr'>Dirisor</span> <span class='ocrx_word' id='word_1_51' title='bbox 484 1322 610 1390; x_wconf 81' lang='lat' dir='ltr'>numeri</span> <span class='ocrx_word' id='word_1_52' title='bbox 637 1322 745 1402; x_wconf 80' lang='lat' dir='ltr'>ipsius.</span> 
     </span>
    </p>

    <p class='ocr_par' dir='ltr' id='par_1_3' title="bbox 154 1436 1084 1641">
     <span class='ocr_line' id='line_1_9' title="bbox 198 1436 1082 1530; baseline -0.002 -29"><span class='ocrx_word' id='word_1_53' title='bbox 198 1438 232 1501; x_wconf 87' lang='lat'>6.</span> <span class='ocrx_word' id='word_1_54' title='bbox 265 1436 379 1520; x_wconf 74' lang='lat' dir='ltr'>Quare</span> <span class='ocrx_word' id='word_1_55' title='bbox 416 1439 445 1502; x_wconf 82' lang='lat' dir='ltr'>si</span> <span class='ocrx_word' id='word_1_56' title='bbox 466 1453 489 1523; x_wconf 86' lang='lat' dir='ltr'>p</span> <span class='ocrx_word' id='word_1_57' title='bbox 515 1450 560 1501; x_wconf 77' lang='lat' dir='ltr'>est</span> <span class='ocrx_word' id='word_1_58' title='bbox 590 1455 736 1500; x_wconf 81' lang='lat' dir='ltr'>numerus</span> <span class='ocrx_word' id='word_1_59' title='bbox 765 1438 911 1530; x_wconf 81' lang='lat' dir='ltr'>primus,</span> <span class='ocrx_word' id='word_1_60' title='bbox 952 1450 992 1522; x_wconf 76' lang='lat' dir='ltr'>p·</span> <span class='ocrx_word' id='word_1_61' title='bbox 1023 1455 1082 1500; x_wconf 83' lang='lat' dir='ltr'>non</span> 
     </span>
     <span class='ocr_line' id='line_1_10' title="bbox 154 1552 1084 1641; baseline -0.008 -18"><span class='ocrx_word' id='word_1_62' title='bbox 154 1554 253 1623; x_wconf 77' lang='lat' dir='ltr'>alium</span> <span class='ocrx_word' id='word_1_63' title='bbox 283 1553 375 1619; x_wconf 79' lang='lat' dir='ltr'>habet</span> <span class='ocrx_word' id='word_1_64' title='bbox 406 1552 582 1620; x_wconf 74' lang='lat' dir='ltr'>Dirisorcm</span> <span class='ocrx_word' id='word_1_65' title='bbox 609 1555 772 1641; x_wconf 77' lang='lat' dir='ltr'>primum,</span> <span class='ocrx_word' id='word_1_66' title='bbox 799 1573 893 1638; x_wconf 82' lang='lat' dir='ltr'>quam</span> <span class='ocrx_word' id='word_1_67' title='bbox 913 1567 946 1638; x_wconf 82' lang='lat' dir='ltr'>p.</span> <span class='ocrx_word' id='word_1_68' title='bbox 990 1552 1084 1619; x_wconf 89' lang='lat' dir='ltr'>Unde</span> 
     </span>
    </p>
   </div>
   <div class='ocr_carea' id='block_1_3' title="bbox 155 1674 1021 1839">
    <p class='ocr_par' dir='ltr' id='par_1_4' title="bbox 155 1674 1021 1839">
     <span class='ocr_line' id='line_1_11' title="bbox 155 1674 1021 1839; baseline -0.006 -57"><span class='ocrx_word' id='word_1_69' title='bbox 155 1686 262 1807; x_wconf 79' lang='lat' dir='ltr'>patet,</span> <span class='ocrx_word' id='word_1_70' title='bbox 279 1715 306 1781; x_wconf 90' lang='lat' dir='ltr'>si</span> <span class='ocrx_word' id='word_1_71' title='bbox 319 1677 358 1839; x_wconf 56' lang='grc' dir='ltr'><em>Ρί</em></span> <span class='ocrx_word' id='word_1_72' title='bbox 379 1732 427 1784; x_wconf 88' lang='lat' dir='ltr'>est</span> <span class='ocrx_word' id='word_1_73' title='bbox 452 1717 596 1800; x_wconf 82' lang='lat' dir='ltr'>integer,</span> <span class='ocrx_word' id='word_1_74' title='bbox 618 1674 749 1829; x_wconf 61' lang='lat' dir='ltr'>etiam}</span> <span class='ocrx_word' id='word_1_75' title='bbox 770 1733 838 1781; x_wconf 82' lang='lat' dir='ltr'>esse</span> <span class='ocrx_word' id='word_1_76' title='bbox 854 1714 1021 1802; x_wconf 82' lang='lat' dir='ltr'>integrum.</span> 
     </span>
    </p>
   </div>
   <div class='ocr_carea' id='block_1_4' title="bbox 435 1965 796 2066">
    <p class='ocr_par' dir='ltr' id='par_1_5' title="bbox 435 1965 796 2066">
     <span class='ocr_line' id='line_1_12' title="bbox 435 1965 796 2066; baseline -0.008 -23"><span class='ocrx_word' id='word_1_77' title='bbox 435 1971 478 2063; x_wconf 76' lang='lat'>‘§.</span> <span class='ocrx_word' id='word_1_78' title='bbox 498 1971 588 2066; x_wconf 70' lang='lat'>518.</span> <span class='ocrx_word' id='word_1_79' title='bbox 612 1965 734 2043; x_wconf 77' lang='lat' dir='ltr'>coron.</span> <span class='ocrx_word' id='word_1_80' title='bbox 761 1991 796 2042; x_wconf 79' lang='lat' dir='ltr'>a.</span> 
     </span>
    </p>
   </div>
   <div class='ocr_carea' id='block_1_5' title="bbox 152 2165 1095 4225">
    <p class='ocr_par' dir='ltr' id='par_1_6' title="bbox 152 2165 1095 3647">
     <span class='ocr_line' id='line_1_13' title="bbox 199 2165 1088 2255; baseline 0.001 -25"><span class='ocrx_word' id='word_1_81' title='bbox 199 2165 403 2236; x_wconf 82' lang='lat' dir='ltr'>Ostendimus</span> <span class='ocrx_word' id='word_1_82' title='bbox 436 2169 468 2248; x_wconf 74' lang='lat'>5.</span> <span class='ocrx_word' id='word_1_83' title='bbox 497 2168 596 2255; x_wconf 70' lang='lat'><strong>¹7⁶·2</strong></span> <span class='ocrx_word' id='word_1_84' title='bbox 626 2166 796 2250; x_wconf 83' lang='lat' dir='ltr'><strong>quemlibet</strong></span> <span class='ocrx_word' id='word_1_85' title='bbox 823 2184 984 2236; x_wconf 83' lang='lat' dir='ltr'>numerum</span> <span class='ocrx_word' id='word_1_86' title='bbox 1008 2165 1088 2240; x_wconf 89' lang='lat' dir='ltr'>iute-</span> 
     </span>
     <span class='ocr_line' id='line_1_14' title="bbox 157 2280 1088 2369; baseline 0.003 -25"><span class='ocrx_word' id='word_1_87' title='bbox 157 2298 246 2369; x_wconf 84' lang='lat' dir='ltr'>grum</span> <span class='ocrx_word' id='word_1_88' title='bbox 263 2283 323 2361; x_wconf 88' lang='lat' dir='ltr'>N,</span> <span class='ocrx_word' id='word_1_89' title='bbox 347 2300 402 2364; x_wconf 87' lang='lat' dir='ltr'>per</span> <span class='ocrx_word' id='word_1_90' title='bbox 421 2301 571 2348; x_wconf 88' lang='lat' dir='ltr'>numeros</span> <span class='ocrx_word' id='word_1_91' title='bbox 589 2284 706 2366; x_wconf 87' lang='lat' dir='ltr'>primos</span> <span class='ocrx_word' id='word_1_92' title='bbox 724 2303 747 2350; x_wconf 82' lang='lat' dir='ltr'>a</span> <span class='ocrx_word' id='word_1_93' title='bbox 759 2330 769 2365; x_wconf 93' lang='lat'>‚</span> <span class='ocrx_word' id='word_1_94' title='bbox 781 2283 819 2360; x_wconf 82' lang='lat' dir='ltr'>b,</span> <span class='ocrx_word' id='word_1_95' title='bbox 836 2280 979 2363; x_wconf 82' lang='lat' dir='ltr'>c,d‚e.</span> <span class='ocrx_word' id='word_1_96' title='bbox 994 2282 1088 2355; x_wconf 82' lang='lat' dir='ltr'>..itr-</span> 
     </span>
     <span class='ocr_line' id='line_1_15' title="bbox 159 2398 1086 2482; baseline -0.002 -19"><span class='ocrx_word' id='word_1_97' title='bbox 159 2412 206 2463; x_wconf 87' lang='lat' dir='ltr'>ter</span> <span class='ocrx_word' id='word_1_98' title='bbox 215 2418 249 2463; x_wconf 88' lang='lat' dir='ltr'>se</span> <span class='ocrx_word' id='word_1_99' title='bbox 258 2400 421 2480; x_wconf 86' lang='lat' dir='ltr'>diversos,</span> <span class='ocrx_word' id='word_1_100' title='bbox 433 2399 475 2465; x_wconf 85' lang='lat' dir='ltr'>ita</span> <span class='ocrx_word' id='word_1_101' title='bbox 486 2419 581 2482; x_wconf 88' lang='lat' dir='ltr'>posse</span> <span class='ocrx_word' id='word_1_102' title='bbox 592 2399 747 2482; x_wconf 83' lang='lat' dir='ltr'>designari</span> <span class='ocrx_word' id='word_1_103' title='bbox 757 2421 768 2466; x_wconf 79' lang='lat' dir='ltr'>r</span> <span class='ocrx_word' id='word_1_104' title='bbox 779 2398 1024 2467; x_wconf 64' lang='lat' dir='ltr'>N=aub¹=crdr</span> <span class='ocrx_word' id='word_1_105' title='bbox 1038 2444 1086 2480; x_wconf 82' lang='lat'>‚.„</span> 
     </span>
     <span class='ocr_line' id='line_1_16' title="bbox 158 2494 1088 2602; baseline 0.004 -25"><span class='ocrx_word' id='word_1_106' title='bbox 158 2512 213 2588; x_wconf 86' lang='lat' dir='ltr'>ubi</span> <span class='ocrx_word' id='word_1_107' title='bbox 224 2494 428 2596; x_wconf 84' lang='lat' dir='ltr'>Exponentes</span> <span class='ocrx_word' id='word_1_108' title='bbox 439 2536 469 2579; x_wconf 85' lang='lat' dir='ltr'>m</span> <span class='ocrx_word' id='word_1_109' title='bbox 481 2562 493 2596; x_wconf 92' lang='lat'>‚</span> <span class='ocrx_word' id='word_1_110' title='bbox 506 2536 528 2580; x_wconf 86' lang='lat' dir='ltr'>n</span> <span class='ocrx_word' id='word_1_111' title='bbox 538 2562 548 2597; x_wconf 91' lang='lat'>,</span> <span class='ocrx_word' id='word_1_112' title='bbox 556 2532 579 2602; x_wconf 85' lang='lat' dir='ltr'>p</span> <span class='ocrx_word' id='word_1_113' title='bbox 593 2529 722 2602; x_wconf 85' lang='lat' dir='ltr'>,qsunt</span> <span class='ocrx_word' id='word_1_114' title='bbox 732 2514 853 2580; x_wconf 89' lang='lat' dir='ltr'>numeri</span> <span class='ocrx_word' id='word_1_115' title='bbox 868 2514 999 2597; x_wconf 88' lang='lat' dir='ltr'>positivi</span> <span class='ocrx_word' id='word_1_116' title='bbox 1010 2514 1088 2581; x_wconf 90' lang='lat' dir='ltr'>inte·</span> 
     </span>
     <span class='ocr_line' id='line_1_17' title="bbox 152 2629 1085 2718; baseline 0 -24"><span class='ocrx_word' id='word_1_117' title='bbox 152 2629 225 2716; x_wconf 74' lang='lat' dir='ltr'>gri,</span> <span class='ocrx_word' id='word_1_118' title='bbox 240 2629 295 2713; x_wconf 92' lang='lat' dir='ltr'>qui</span> <span class='ocrx_word' id='word_1_119' title='bbox 306 2645 443 2713; x_wconf 82' lang='lat' dir='ltr'>possunt</span> <span class='ocrx_word' id='word_1_120' title='bbox 454 2631 543 2697; x_wconf 85' lang='lat' dir='ltr'>etiam</span> <span class='ocrx_word' id='word_1_121' title='bbox 555 2649 625 2698; x_wconf 88' lang='lat' dir='ltr'>esse</span> <span class='ocrx_word' id='word_1_122' title='bbox 636 2654 670 2697; x_wconf 91' lang='lat'>0.</span> <span class='ocrx_word' id='word_1_123' title='bbox 687 2631 755 2713; x_wconf 85' lang='lat' dir='ltr'>Jam</span> <span class='ocrx_word' id='word_1_124' title='bbox 767 2632 876 2699; x_wconf 79' lang='lat' dir='ltr'>addere</span> <span class='ocrx_word' id='word_1_125' title='bbox 893 2649 1085 2718; x_wconf 82' lang='lat' dir='ltr'>possumus,</span> 
     </span>
     <span class='ocr_line' id='line_1_18' title="bbox 158 2744 1091 2836; baseline -0.003 -24"><span class='ocrx_word' id='word_1_126' title='bbox 158 2746 323 2831; x_wconf 72' lang='lat' dir='ltr'>cujuslibet</span> <span class='ocrx_word' id='word_1_127' title='bbox 347 2752 472 2815; x_wconf 79' lang='lat' dir='ltr'>numeri</span> <span class='ocrx_word' id='word_1_128' title='bbox 499 2769 562 2817; x_wconf 78' lang='lat' dir='ltr'>esse</span> <span class='ocrx_word' id='word_1_129' title='bbox 589 2768 683 2813; x_wconf 80' lang='lat' dir='ltr'>onam</span> <span class='ocrx_word' id='word_1_130' title='bbox 702 2749 797 2813; x_wconf 84' lang='lat' dir='ltr'>solam</span> <span class='ocrx_word' id='word_1_131' title='bbox 819 2745 964 2834; x_wconf 53' lang='lat' dir='ltr'>(fretmodi</span> <span class='ocrx_word' id='word_1_132' title='bbox 991 2744 1091 2836; x_wconf 80' lang='lat' dir='ltr'>desig·</span> 
     </span>
     <span class='ocr_line' id='line_1_19' title="bbox 159 2864 1089 2952; baseline 0.001 -25"><span class='ocrx_word' id='word_1_133' title='bbox 159 2865 315 2929; x_wconf 83' lang='lat' dir='ltr'>nationem</span> <span class='ocrx_word' id='word_1_134' title='bbox 333 2882 393 2952; x_wconf 84' lang='lat' dir='ltr'>per</span> <span class='ocrx_word' id='word_1_135' title='bbox 409 2886 551 2941; x_wconf 76' lang='lat' dir='ltr'>numeros</span> <span class='ocrx_word' id='word_1_136' title='bbox 565 2869 710 2951; x_wconf 83' lang='lat' dir='ltr'>primos,·</span> <span class='ocrx_word' id='word_1_137' title='bbox 730 2864 817 2930; x_wconf 86' lang='lat' dir='ltr'>velut</span> <span class='ocrx_word' id='word_1_138' title='bbox 838 2865 943 2929; x_wconf 85' lang='lat' dir='ltr'>nulius</span> <span class='ocrx_word' id='word_1_139' title='bbox 965 2884 1002 2928; x_wconf 85' lang='lat' dir='ltr'>ex</span> <span class='ocrx_word' id='word_1_140' title='bbox 1031 2883 1089 2928; x_wconf 92' lang='lat' dir='ltr'>nu-</span> 
     </span>
     <span class='ocr_line' id='line_1_20' title="bbox 161 2969 1090 3065; baseline -0.005 -16"><span class='ocrx_word' id='word_1_141' title='bbox 161 2980 255 3049; x_wconf 81' lang='lat' dir='ltr'>meris</span> <span class='ocrx_word' id='word_1_142' title='bbox 275 2981 312 3044; x_wconf 88' lang='lat' dir='ltr'>ab</span> <span class='ocrx_word' id='word_1_143' title='bbox 336 2969 455 3047; x_wconf 85' lang='lat' dir='ltr'>unitate</span> <span class='ocrx_word' id='word_1_144' title='bbox 472 3000 574 3065; x_wconf 86' lang='lat' dir='ltr'>usque</span> <span class='ocrx_word' id='word_1_145' title='bbox 591 2980 630 3045; x_wconf 90' lang='lat' dir='ltr'>ad</span> <span class='ocrx_word' id='word_1_146' title='bbox 652 2999 733 3046; x_wconf 85' lang='lat'>1000</span> <span class='ocrx_word' id='word_1_147' title='bbox 752 2979 813 3044; x_wconf 85' lang='lat' dir='ltr'>alio</span> <span class='ocrx_word' id='word_1_148' title='bbox 838 2980 932 3044; x_wconf 89' lang='lat' dir='ltr'>modo</span> <span class='ocrx_word' id='word_1_149' title='bbox 955 2998 1010 3062; x_wconf 88' lang='lat' dir='ltr'>per</span> <span class='ocrx_word' id='word_1_150' title='bbox 1030 2996 1090 3044; x_wconf 90' lang='lat' dir='ltr'>nu·</span> 
     </span>
     <span class='ocr_line' id='line_1_21' title="bbox 160 3093 1092 3181; baseline -0.001 -20"><span class='ocrx_word' id='word_1_151' title='bbox 160 3115 262 3170; x_wconf 88' lang='lat' dir='ltr'>meros</span> <span class='ocrx_word' id='word_1_152' title='bbox 293 3099 414 3180; x_wconf 90' lang='lat' dir='ltr'>primos</span> <span class='ocrx_word' id='word_1_153' title='bbox 436 3095 588 3181; x_wconf 76' lang='lat' dir='ltr'>designari</span> <span class='ocrx_word' id='word_1_154' title='bbox 606 3109 737 3180; x_wconf 85' lang='lat' dir='ltr'>potest,</span> <span class='ocrx_word' id='word_1_155' title='bbox 768 3115 861 3179; x_wconf 89' lang='lat' dir='ltr'>quam</span> <span class='ocrx_word' id='word_1_156' title='bbox 886 3114 950 3181; x_wconf 91' lang='lat' dir='ltr'>quo</span> <span class='ocrx_word' id='word_1_157' title='bbox 973 3093 1092 3170; x_wconf 84' lang='lat' dir='ltr'>factum</span> 
     </span>
     <span class='ocr_line' id='line_1_22' title="bbox 159 3214 1094 3311; baseline -0.003 -33"><span class='ocrx_word' id='word_1_158' title='bbox 159 3231 207 3289; x_wconf 82' lang='lat' dir='ltr'>est</span> <span class='ocrx_word' id='word_1_159' title='bbox 228 3234 262 3296; x_wconf 90' lang='lat' dir='ltr'>p.</span> <span class='ocrx_word' id='word_1_160' title='bbox 286 3215 484 3294; x_wconf 75' lang='lat' dir='ltr'>eoo-206,</span> <span class='ocrx_word' id='word_1_161' title='bbox 507 3229 542 3280; x_wconf 90' lang='lat' dir='ltr'>ut</span> <span class='ocrx_word' id='word_1_162' title='bbox 560 3215 723 3305; x_wconf 79' lang='lat'><strong>936=2³</strong></span> <span class='ocrx_word' id='word_1_163' title='bbox 738 3258 748 3279; x_wconf 89' lang='lat'><strong>.</strong></span> <span class='ocrx_word' id='word_1_164' title='bbox 764 3214 799 3296; x_wconf 76' lang='lat'>3²</span> <span class='ocrx_word' id='word_1_165' title='bbox 815 3257 828 3311; x_wconf 73' lang='lat' dir='ltr'>i</span> <span class='ocrx_word' id='word_1_166' title='bbox 844 3233 894 3296; x_wconf 83' lang='lat'>13.</span> <span class='ocrx_word' id='word_1_167' title='bbox 928 3214 1017 3296; x_wconf 81' lang='lat' dir='ltr'>(nam</span> <span class='ocrx_word' id='word_1_168' title='bbox 1040 3232 1094 3281; x_wconf 68' lang='lat' dir='ltr'>or-</span> 
     </span>
     <span class='ocr_line' id='line_1_23' title="bbox 159 3328 1091 3417; baseline 0.002 -21"><span class='ocrx_word' id='word_1_169' title='bbox 159 3331 200 3396; x_wconf 93' lang='lat' dir='ltr'>do</span> <span class='ocrx_word' id='word_1_170' title='bbox 233 3348 434 3396; x_wconf 87' lang='lat' dir='ltr'>numerorum</span> <span class='ocrx_word' id='word_1_171' title='bbox 471 3347 536 3397; x_wconf 88' lang='lat' dir='ltr'>nott</span> <span class='ocrx_word' id='word_1_172' title='bbox 569 3328 658 3396; x_wconf 84' lang='lat' dir='ltr'>affert</span> <span class='ocrx_word' id='word_1_173' title='bbox 693 3329 929 3417; x_wconf 85' lang='lat' dir='ltr'>mutationem).</span> <span class='ocrx_word' id='word_1_174' title='bbox 994 3331 1091 3404; x_wconf 80' lang='lat' dir='ltr'>Ratio</span> 
     </span>
     <span class='ocr_line' id='line_1_24' title="bbox 160 3436 1095 3532; baseline 0.002 -21"><span class='ocrx_word' id='word_1_175' title='bbox 160 3446 256 3532; x_wconf 79' lang='lat' dir='ltr'>hujus</span> <span class='ocrx_word' id='word_1_176' title='bbox 282 3447 327 3512; x_wconf 89' lang='lat' dir='ltr'>rei</span> <span class='ocrx_word' id='word_1_177' title='bbox 358 3465 413 3530; x_wconf 88' lang='lat' dir='ltr'>per</span> <span class='ocrx_word' id='word_1_178' title='bbox 434 3466 468 3512; x_wconf 89' lang='lat' dir='ltr'>se</span> <span class='ocrx_word' id='word_1_179' title='bbox 488 3459 586 3529; x_wconf 87' lang='lat' dir='ltr'>patet.</span> <span class='ocrx_word' id='word_1_180' title='bbox 628 3443 710 3517; x_wconf 81' lang='lat' dir='ltr'>Nam</span> <span class='ocrx_word' id='word_1_181' title='bbox 740 3445 769 3517; x_wconf 78' lang='lat' dir='ltr'>si</span> <span class='ocrx_word' id='word_1_182' title='bbox 799 3459 848 3514; x_wconf 86' lang='lat' dir='ltr'>est</span> <span class='ocrx_word' id='word_1_183' title='bbox 864 3445 922 3517; x_wconf 81' lang='lat' dir='ltr'>alia</span> <span class='ocrx_word' id='word_1_184' title='bbox 950 3436 1095 3531; x_wconf 80' lang='lat' dir='ltr'>designa·</span> 
     </span>
     <span class='ocr_line' id='line_1_25' title="bbox 161 3559 1091 3647; baseline 0.009 -21"><span class='ocrx_word' id='word_1_185' title='bbox 161 3563 207 3628; x_wconf 91' lang='lat' dir='ltr'>tio</span> <span class='ocrx_word' id='word_1_186' title='bbox 232 3565 368 3647; x_wconf 88' lang='lat' dir='ltr'>ejusdem</span> <span class='ocrx_word' id='word_1_187' title='bbox 394 3563 537 3645; x_wconf 85' lang='lat' dir='ltr'>numeri,</span> <span class='ocrx_word' id='word_1_188' title='bbox 558 3565 633 3629; x_wconf 88' lang='lat' dir='ltr'>haec</span> <span class='ocrx_word' id='word_1_189' title='bbox 658 3583 676 3628; x_wconf 78' lang='lat' dir='ltr'>a</span> <span class='ocrx_word' id='word_1_190' title='bbox 704 3561 802 3645; x_wconf 87' lang='lat' dir='ltr'>priori</span> <span class='ocrx_word' id='word_1_191' title='bbox 828 3559 953 3628; x_wconf 86' lang='lat' dir='ltr'>differre</span> <span class='ocrx_word' id='word_1_192' title='bbox 972 3578 1091 3646; x_wconf 82' lang='lat' dir='ltr'>potest.</span> 
     </span>
    </p>

    <p class='ocr_par' dir='ltr' id='par_1_7' title="bbox 159 3680 1095 4120">
     <span class='ocr_line' id='line_1_26' title="bbox 177 3680 1092 3771; baseline 0.001 -26"><span class='ocrx_word' id='word_1_193' title='bbox 177 3694 181 3701; x_wconf 87' lang='grc'><em>·</em></span> <span class='ocrx_word' id='word_1_194' title='bbox 207 3699 238 3745; x_wconf 86' lang='lat'>1.</span> <span class='ocrx_word' id='word_1_195' title='bbox 261 3680 323 3745; x_wconf 87' lang='lat' dir='ltr'>Vei</span> <span class='ocrx_word' id='word_1_196' title='bbox 350 3681 438 3762; x_wconf 91' lang='lat' dir='ltr'>quod</span> <span class='ocrx_word' id='word_1_197' title='bbox 456 3680 485 3748; x_wconf 90' lang='lat' dir='ltr'>ei</span> <span class='ocrx_word' id='word_1_198' title='bbox 507 3682 583 3747; x_wconf 90' lang='lat' dir='ltr'>insit</span> <span class='ocrx_word' id='word_1_199' title='bbox 606 3681 719 3762; x_wconf 86' lang='lat' dir='ltr'>aliquis</span> <span class='ocrx_word' id='word_1_200' title='bbox 739 3696 887 3745; x_wconf 90' lang='lat' dir='ltr'>numerus</span> <span class='ocrx_word' id='word_1_201' title='bbox 914 3680 1034 3765; x_wconf 87' lang='lat' dir='ltr'>primus</span> <span class='ocrx_word' id='word_1_202' title='bbox 1049 3698 1092 3771; x_wconf 74' lang='lat' dir='ltr'>p,</span> 
     </span>
     <span class='ocr_line' id='line_1_27' title="bbox 163 3794 1094 3883; baseline 0.009 -24"><span class='ocrx_word' id='word_1_203' title='bbox 163 3794 220 3876; x_wconf 88' lang='lat' dir='ltr'>qui</span> <span class='ocrx_word' id='word_1_204' title='bbox 252 3812 318 3860; x_wconf 89' lang='lat' dir='ltr'>non</span> <span class='ocrx_word' id='word_1_205' title='bbox 339 3795 421 3862; x_wconf 84' lang='lat' dir='ltr'>inest</span> <span class='ocrx_word' id='word_1_206' title='bbox 448 3797 547 3881; x_wconf 89' lang='lat' dir='ltr'>priori</span> <span class='ocrx_word' id='word_1_207' title='bbox 576 3796 803 3880; x_wconf 80' lang='lat' dir='ltr'>designationi,</span> <span class='ocrx_word' id='word_1_208' title='bbox 842 3797 893 3862; x_wconf 88' lang='lat' dir='ltr'>vei</span> <span class='ocrx_word' id='word_1_209' title='bbox 914 3799 1006 3880; x_wconf 77' lang='lat' dir='ltr'>quod</span> <span class='ocrx_word' id='word_1_210' title='bbox 1031 3800 1094 3883; x_wconf 87' lang='lat' dir='ltr'>ipsi</span> 
     </span>
     <span class='ocr_line' id='line_1_28' title="bbox 161 3909 1090 3999; baseline 0.012 -27"><span class='ocrx_word' id='word_1_211' title='bbox 161 3909 242 3973; x_wconf 90' lang='lat' dir='ltr'>desit</span> <span class='ocrx_word' id='word_1_212' title='bbox 271 3910 383 3994; x_wconf 87' lang='lat' dir='ltr'>aliquis</span> <span class='ocrx_word' id='word_1_213' title='bbox 415 3932 564 3982; x_wconf 85' lang='lat' dir='ltr'>numerus</span> <span class='ocrx_word' id='word_1_214' title='bbox 599 3913 737 3997; x_wconf 85' lang='lat' dir='ltr'>primus,</span> <span class='ocrx_word' id='word_1_215' title='bbox 780 3911 834 3994; x_wconf 90' lang='lat' dir='ltr'>qui</span> <span class='ocrx_word' id='word_1_216' title='bbox 866 3911 942 3979; x_wconf 87' lang='lat' dir='ltr'>insit</span> <span class='ocrx_word' id='word_1_217' title='bbox 976 3914 1090 3999; x_wconf 87' lang='lat' dir='ltr'>priori.</span> 
     </span>
     <span class='ocr_line' id='line_1_29' title="bbox 159 4006 1095 4120; baseline 0.011 -29"><span class='ocrx_word' id='word_1_218' title='bbox 159 4018 320 4104; x_wconf 77' lang='lat' dir='ltr'>Neutrum</span> <span class='ocrx_word' id='word_1_219' title='bbox 346 4045 417 4120; x_wconf 84' lang='lat' dir='ltr'>esse</span> <span class='ocrx_word' id='word_1_220' title='bbox 440 4006 570 4115; x_wconf 82' lang='lat' dir='ltr'>potest,</span> <span class='ocrx_word' id='word_1_221' title='bbox 605 4029 753 4117; x_wconf 85' lang='lat' dir='ltr'>quoniam</span> <span class='ocrx_word' id='word_1_222' title='bbox 777 4044 856 4099; x_wconf 86' lang='lat' dir='ltr'>tum·</span> <span class='ocrx_word' id='word_1_223' title='bbox 873 4030 954 4099; x_wconf 88' lang='lat' dir='ltr'>idem</span> <span class='ocrx_word' id='word_1_224' title='bbox 985 4046 1095 4101; x_wconf 76' lang='lat' dir='ltr'>niune·-</span> 
     </span>
    </p>

    <p class='ocr_par' dir='ltr' id='par_1_8' title="bbox 1040 4174 1094 4225">
     <span class='ocr_line' id='line_1_30' title="bbox 1040 4174 1094 4225; baseline -0.056 0"><span class='ocrx_word' id='word_1_225' title='bbox 1040 4174 1094 4225; x_wconf 82' lang='lat' dir='ltr'>rus</span> 
     </span>
    </p>
   </div>
   <div class='ocr_carea' id='block_1_6' title="bbox 0 0 1275 4748">
    <p class='ocr_par' dir='ltr' id='par_1_9' title="bbox 0 0 1275 4748">
     <span class='ocr_line' id='line_1_31' title="bbox 0 0 1275 4748; baseline 0 0"><span class='ocrx_word' id='word_1_226' title='bbox 0 0 1275 4748; x_wconf 95' lang='lat' dir='ltr'> </span> 
     </span>
    </p>
   </div>
  </div>
 </body>
</html>
