2564 4740
373 484 390 520 ⁴.
449 439 884 497 sumtuose-uu.
1079 440 1137 517 735

186 641 266 695 eum
296 611 448 713 pollice)
477 617 600 715 iudicat
629 635 807 691 numerum
833 614 1008 711 quinque,
1048 623 1140 703 unde

188 767 268 822 uota
296 744 347 821 Χ.
381 745 528 851 indieees
565 747 618 821 bis
653 746 827 844 quinque,
859 764 945 839 quae
985 722 1141 842 cuusistit

186 898 232 951 ex
260 876 387 950 duabus
421 876 512 950 uotis
541 874 598 962 V,
635 897 677 949 ex
711 873 851 947 adverso
877 876 963 971 inter
992 894 1029 944 se
1057 895 1141 947 con·

157 1005 318 1102 ‘junctis
365 1003 663 1092 praetereuntia
693 1003 805 1100 lingue
829 1006 901 1098 ipse
925 1006 983 1100 (v.
1009 1025 1041 1076 c.
1078 1025 1139 1076 un·

185 1135 365 1233 deviginti‚
404 1133 656 1232 duodeviginti)
689 1137 736 1207 itu
763 1135 862 1206 etiem
897 1135 931 1204 iu
963 1133 1015 1204 his
1048 1098 1139 1206 uotis

184 1284 253 1340 non
269 1264 381 1337 solum
396 1261 576 1336 Addidune
595 1262 653 1334 sed
665 1265 765 1334 etiam
774 1261 1013 1335 subtractione
1030 1281 1132 1335 utun·

183 1415 246 1469 mr.
267 1392 438 1466 Numerus
462 1395 571 1466 minor
593 1394 709 1488 majori
733 1390 886 1478 additur,
909 1393 938 1462 si
965 1391 1029 1484 ipsi
1047 1403 1140 1486 post·

180 1524 313 1624 posius
334 1539 410 1610 est,
435 1521 493 1594 sed
514 1522 737 1608 subtrahitur,
762 1525 789 1592 si
812 1523 876 1614 ipsi
892 1539 944 1592 est
960 1498 1129 1618 anteposi-

182 1671 258 1738 tus,
280 1673 319 1724 ut
339 1648 415 1738 IV,
439 1648 510 1737 Vr,
535 1649 619 1739 IX,
645 1647 767 1732 XIX,
793 1645 902 1722 XXI.
942 1648 979 1721 Si
1003 1652 1134 1724 numeri

184 1779 336 1876 aequales
356 1798 454 1865 sunt,
471 1756 655 1866 adduntur,
677 1800 716 1852 ut
733 1776 838 1869 XX,
863 1775 990 1853 XXX.
1015 1779 1137 1878 Quan'·

184 1908 230 1982 do
253 1901 474 2001 pervenerunt
498 1910 663 2005 usquead
683 1909 865 2008 quinquies
883 1907 1018 1996 decem,
1036 1911 1070 1982 id
1082 1931 1134 1986 est

183 2050 224 2123 ud
232 2049 497 2146 quinquaginta,
509 2066 670 2143 usurpant
687 2051 819 2145 signum
839 2032 887 2138 L,
909 2075 980 2151 quo
1007 2053 1134 2153 signifi.

183 2200 279 2255 uutur
301 2175 441 2273 angulus
470 2198 581 2251 rectus
605 2177 721 2275 (quusi
743 2177 876 2274 duplus·
890 2183 1030 2277 angulus
1058 2184 1127 2280 V).

182 2308 315 2383 Eodem
340 2307 444 2378 modo
461 2307 568 2381 decies
580 2309 691 2382 decem
714 2313 738 2382 i.
749 2330 780 2380 e.
808 2329 941 2387 centnm
959 2288 1056 2413 siguo
1077 2316 1130 2406 C,

179 2441 307 2534 (primu
325 2436 419 2508 litera
434 2439 528 2509 vocis
552 2436 737 2532 centum),·
772 2443 952 2540 quinquies
982 2416 1121 2520 centuni

177 2582 201 2655 i.
215 2599 246 2654 e.
263 2579 477 2684 quingenta,
497 2580 593 2671 signo
618 2576 658 2652 D
679 2579 732 2652 vel
748 2592 834 2672 [ος
856 2586 963 2659 decies
989 2601 1126 2661 centum

176 2712 273 2806 signo
300 2705 352 2779 M
376 2703 506 2800 (primu
538 2704 632 2779 litera
659 2710 753 2782 vocis
785 2712 902 2802 mille)
919 2712 985 2791 *vel
1016 2688 1117 2813 signq

134 2900 137 2904 -
176 2847 254 2927 010
279 2841 450 2957 uidimus,
485 2845 572 2917 unde
599 2843 691 2935 XC,
726 2847 817 2939 CX,
849 2850 934 2929 loc
961 2853 1130 2953 nonagin-

175 2996 234 3066 ta,
268 2993 404 3051 centum
428 2991 463 3047 et
495 2976 632 3065 decem,
664 2980 828 3053 sexcenti.
880 2981 1032 3078 Maiores
1066 3004 1130 3083 nu·

178 3108 255 3180 meri
281 3109 328 3179 ita
361 3102 595 3198 designantur:

198 3253 292 3330 MM
357 3249 436 3325 loo
485 3253 626 3330 ccmo
662 3253 770 3330 1909
812 3255 1128 3349 cccmouaet.

201 3406 296 3465 2000
345 3402 443 3478 5000
497 3405 614 3469 rouuo
654 3405 776 3479 50000
840 3408 1002 3463 100000.
