2514 4748
143 445 204 528 ’ὢ
308 438 910 521 Ἐῒαηαπῇωω

158 652 353 723 evanescat,
377 635 437 711 sed
456 634 655 709 evanescens
680 653 805 708 numm
822 633 983 706 diminuat
993 640 1105 731 quan·

75 751 80 765 ¹
156 773 284 844 ritatem
306 766 463 850 alterius,
503 784 627 861 quanta
655 768 715 835 'sua
732 764 844 856 ipsius
858 765 921 835 est.
973 761 1102 837 nomm

155 879 262 998 'igitur
285 901 495 997 Quantonun
527 900 752 996 quantitates,
775 901 804 970 si
835 899 1107 995 conjunguntur,

134 1024 334 1104 ''omnedis
362 1032 506 1104 numeria
533 1027 723 1101 indicandae
758 1046 848 1102 sant.
911 1027 1022 1124 Hujus
1038 1030 1106 1127 'ge-

147 1150 348 1235 ueris'sirnt
373 1179 513 1256 accepta
542 1178 577 1232 et
608 1179 776 1252 expensa,
822 1161 1051 1253 possessiones
1072 1179 1109 1231 et

150 1278 297 1379 debita,
322 1262 463 1383 pe‘eania
481 1308 581 1385 quarn
600 1310 662 1362 nos
680 1289 839 1362 debemus
854 1288 944 1376 aliia,
969 1309 1006 1362 et
1017 1309 1110 1384 quae

161 1411 264 1492 nobis
286 1417 426 1490 debetur
455 1419 506 1490 ab.
530 1417 615 1490 aliis.
662 1417 829 1512 Imprimis
862 1415 929 1489 huc
961 1415 1110 1490 referen-

160 1547 225 1623 dae
244 1566 322 1620 sunt
344 1548 427 1620 duae
455 1547 654 1620 directiones
676 1550 710 1619 in
736 1547 1107 1643 contrariam'partem‚

142 1668 249 1790 'Aquas
275 1674 426 1773 designat
447 1674 618 1772 quaelibet
642 1694 732 1750 recta
758 1673 944 1750 linea'BC.

110 1887 113 1892 ’
231 1851 954 1972 ”Β--ι--ι--ι--0

457 1975 509 2053 M
617 1977 657 2056 A
757 1975 798 2051 D

132 2170 368 2259 ''³1no0ctnna
394 2181 437 2254 de
454 2203 570 2271 motu,
593 2182 663 2258 duo
685 2204 796 2256 motas
824 2185 857 2255 in
875 2185 988 2257 eadem
1011 2204 1103 2260 recta

146 2312 249 2388 iinea
277 2331 396 2385 versus·
419 2318 543 2405 partes
560 2315 734 2407 oppositas·
759 2312 1001 2410 distinguunnrr
1029 2317 1102 2410 sig·

146 2444 206 2515 nis
228 2443 273 2536 «Ι.
288 2460 404 2526 et-,
427 2445 473 2512 ita
493 2461 531 2513 ut
558 2442 635 2526 via,
659 2444 767 2536 quarn
789 2463 913 2535 corpus
940 2447 1106 2536 percurrit

153 2573 199 2645 in.
223 2558 380 2644 alterutra
413 2570 597 2644 directione
636 2569 723 2652 Ac,
769 2574 811 2642 sit
853 2575 1036 2663 posititaf
1067 2576 1102 2646 in

155 2701 257 2782 altera
295 2720 404 2779 autern
437 2701 621 2775 directione
659 2697 730 2776 AB
737 2748 750 2784 ‚
792 2704 966 2799 negativa,
1003 2721 1105 2798 atquo

153 2828 306 2902 distantia
328 2832 480 2924 corporis
508 2852 528 2901 a
557 2848 685 2921 puncto
715 2831 753 2903 A
781 2831 825 2901 sit
851 2822 1032 2902 differentia
1052 2835 1104 2904 in·

151 2973 204 3029 tet
227 2957 285 3028 has
308 2960 388 3028 vias.
455 2957 490 3028 Si
523 2979 647 3050 corpus
672 2980 883 3052 progressum
914 2980 965 3031 est
988 2960 1032 3030 ab
1066 2962 1105 3033 A

48 3106 55 3119 ·
151 3085 195 3159 nd
210 3080 243 3158 C
246 3135 261 3176 ,
274 3080 382 3181 atque
395 3086 513 3159 deinde
530 3107 713 3183 regressum
732 3109 783 3161 est
797 3110 819 3161 a
833 3089 864 3160 C
879 3091 921 3161 ad
933 3088 988 3173 D,
999 3112 1004 3124 ·
1015 3090 1100 3163 haee

154 3212 306 3287 distantia
339 3234 390 3284 est
425 3215 784 3304 AD=AC-CD·‚
826 3221 885 3290 ubi
923 3218 1101 3317 Quantitas

145 3337 221 3424 'Ac
246 3364 310 3437 pro
341 3346 482 3437 positiva
508 3365 607 3438 atque
631 3345 700 3419 CD
727 3368 791 3441 pro
818 3351 969 3443 negativa
995 3350 1100 3421 habe·

148 3490 213 3546 tur.
273 3470 443 3569 Quoniam
473 3472 542 3546 Ac
563 3473 669 3567 major
694 3494 745 3544 est
769 3496 867 3568 quam
899 3474 988 3563 OD,
1019 3475 1099 3550 AD

149 3618 202 3673 est
222 3603 387 3695 positiva,
404 3602 497 3696 quod
513 3582 697 3699 significat,
723 3625 850 3699 corpus
868 3625 940 3675 esse
959 3577 1100 3680 addex-

30 3792 40 3803 .
146 3748 231 3804 tram
262 3749 389 3824 partem
415 3735 531 3824 puncti
564 3734 611 3806 A.
662 3732 699 3804 Si
728 3754 838 3806 autem
853 3737 988 3828 ‘corpus
1014 3757 1098 3828 pto·

144 3880 295 3958 gressum
328 3881 379 3933 est
404 3861 446 3933 ab
472 3862 512 3936 A
534 3862 576 3935 ad
598 3863 647 3947 C,
688 3881 789 3958 atque
818 3863 937 3935 deinde
970 3884 1100 3960 regres-

142 4010 219 4072 uun
250 4008 300 4064 eat
325 3990 367 4064 nd
391 3989 459 4079 M,·
496 3995 559 4073 etit
577 3988 1099 4084 ·Ac-:··cn1=as-AM‚.·uu

1026 4141 1094 4222 sig.
