2514 4748
153 425 220 519 ·96
319 423 359 500 P.
374 422 407 498 l.
428 422 474 500 C.
497 426 542 504 V.
565 449 613 503 or
628 426 971 506 Murrncrcnriorrr

70 668 81 687 .
169 619 297 701 nomia,
330 635 486 705 quantum
510 619 550 689 id
562 618 640 707 fieri
662 638 786 713 potest,
815 623 956 693 ordinem
986 639 1111 695 sanent

167 735 412 822 aphalacam.
459 736 568 824 Quare
600 738 770 810 Monomia
808 739 869 828 ba,
892 741 983 825 βαι,
1008 740 1110 861 Q,

166 851 312 939 clericy,
348 853 392 920 ita
421 856 598 924 scribantur
626 858 692 941 ab,
723 858 806 940 aba,
837 857 940 941 abed,
962 852 1110 944 abcdxy,

42 962 56 989 ⁰
167 983 266 1054 atque
293 969 517 1058 Polynomium
541 973 931 1071 ostona-dc·-
950 974 1112 1058 ΗΜ,

103 1156 111 1175 ,
169 1085 849 1171 ωήωιιιηψαιψαω-ῡψω-ιᾱ.
951 1128 965 1160 .

211 1225 247 1276 r.
269 1205 304 1273 Si
331 1205 367 1274 ln
390 1207 578 1292 Polynomio
607 1222 684 1277 suut
705 1209 828 1277 numeri
852 1207 1117 1294 exponentialen,

170 1321 226 1404 qui
247 1323 381 1390 eundem
400 1306 516 1391 habent
528 1326 691 1394 Factorem
702 1373 714 1410 ,
727 1326 758 1392 hi
777 1326 820 1394 ita
839 1328 1062 1410 collocentur,
1075 1343 1114 1394 ut

66 1500 74 1508 .
154 1440 201 1536 'in
216 1442 298 1509 serie
316 1442 447 1526 quadam
465 1444 707 1530 progrediantur
724 1446 946 1530 Exponentes.
989 1443 1116 1513 Secun-

166 1559 243 1626 dum
277 1560 358 1628 hanc
391 1561 529 1644 regulam
561 1581 595 1629 v.
625 1581 657 1630 c.
688 1561 837 1629 collocati
874 1575 951 1629 sunt
980 1560 1115 1628 termini

39 1676 41 1681 ’
166 1678 264 1764 hujus
292 1677 474 1784 Ρρὶγηοωίἰ
501 1668 1114 1759 ar-mb-t-mffl-asbsa-a’b'*

165 1794 366 1876 -ab⁵÷b⁶
386 1796 441 1864 ubi
470 1797 678 1887 Exponentes
710 1794 851 1864 Factoris
879 1794 1113 1890 ordiminuun·

164 1928 242 1997 tur,
264 1914 322 1980 sed
345 1911 487 1980 Factoris
510 1912 530 1979 b
551 1913 758 1998 Exponentes
782 1926 946 1983 crescunt.

61 2061 67 2072 ·
207 2031 272 2098 Hic
292 2031 397 2113 ordo,
424 2030 480 2114 qui
501 2031 625 2098 maximi
642 2044 691 2098 est
718 2029 892 2113 momenti,
914 2028 1008 2098 etiam
1038 2042 1111 2096 turn

163 2148 319 2217 tenendus
348 2162 418 2231 est,
448 2149 598 2232 quando,
630 2168 669 2216 eo
697 2161 848 2231 servato,
883 2146 1110 2221 eoefficienter

163 2285 231 2333 non
271 2279 409 2349 possunt
449 2265 542 2347 sequi
590 2265 732 2332 ordinem
770 2265 1026 2350 alphabeticum,
1053 2277 1109 2333 nt

161 2375 637 2461 cx⁴÷dx³÷ax²÷ee÷n
669 2382 737 2448 Hoc
757 2381 969 2469 Polynomlum
980 2379 1109 2449 ficitur

160 2523 222 2570 estc
238 2504 389 2590 scriptum
391 2500 495 2586 juxta
512 2499 651 2567 ordinem
666 2499 894 2587 Exponentium
910 2499 1105 2568 ractores.

204 2639 237 2710 3.
270 2615 406 2685 Numeri
430 2608 626 2686 determinati
651 2631 816 2702 ponuntur
849 2630 923 2684 ante
952 2623 1107 2685 numeros

158 2738 376 2819 universales,
418 2734 448 2802 si
482 2754 591 2803 eorum
626 2751 704 2805 sunt
737 2733 1008 2819 Multiplicatores
1041 2752 1107 2827 ⁸seu

156 2854 395 2922 Coifficientes.
441 2853 602 2923 scribatur
622 2853 720 2939 igitur
743 2873 807 2937 ga,
826 2872 892 2919 non
912 2869 989 2921 vero
1008 2872 1044 2921 a.
1069 2873 1105 2940 3.

156 2970 317 3038 Universe
340 2969 475 3052 quilibet
501 2971 688 3038 Coifficiens
716 2971 921 3054 anteponitur
946 2987 1104 3056 numero,

153 3089 247 3174 cujus
270 3098 320 3152 est
345 3085 556 3169 coefficiens,
581 3100 618 3153 ut
632 3110 699 3171 ax,
723 3088 820 3171 gaba.

173 3273 177 3279 ,
195 3224 231 3287 4.
255 3201 332 3290 Quo
353 3201 478 3270 facilius
500 3202 556 3270 fiat
570 3205 714 3272 reductio
736 3206 887 3274 Producti
910 3207 951 3273 ad
973 3204 1104 3294 simpli·

151 3320 309 3390 cissimam
331 3319 490 3402 formam,
511 3322 668 3391 Producta
691 3323 855 3408 partialis,
878 3340 959 3407 quae
980 3300 1102 3407 aeona·

151 3439 309 3522 lissum,
340 3452 396 3505 aut
430 3439 508 3506 solis
539 3440 795 3509 Coeffirientibus
824 3438 996 3523 differunt,
1020 3443 1105 3509 alte·

146 3573 218 3621 rum
250 3554 311 3621 sub
340 3557 439 3623 altero
461 3556 667 3631 collocentur.
736 3588 738 3593 ·

190 3674 233 3742 11.
263 3673 407 3742 brevitas
435 3689 533 3761 atque
560 3675 746 3766 simplicitas
772 3674 987 3762 expressionis
1015 3675 1099 3749 haec

143 3791 392 3877 praescribuntt

195 3928 225 3978 r.
251 3909 285 3976 Si
296 3910 488 3980 Productum
502 3911 600 3980 habet
614 3913 696 3982 duos
716 3924 770 3981 aut
785 3914 895 3997 plures
916 3909 1097 4000 rasores,

139 4027 202 4118 qui
221 4041 298 4097 sunt
313 4028 436 4103 numeri
455 4029 676 4117 determinati,
698 4030 732 4098 in
752 4047 864 4099 eorum
885 4030 1097 4134 locumscri-

1033 4148 1094 4215 ba·
